2536 4724
616 361 789 434 '³2'

170 565 186 575 ··
212 528 366 613 Novimaa'
378 541 633 633 eniri,·²ptimnm
653 534 705 612 cus
723 536 887 634 pueritiam
897 539 1104 612 :aua-usas·

171 658 278 744 egisse.
340 660 391 726 lbi
411 683 483 728 non
497 675 622 740 tantum
640 656 756 727 cruditi
781 662 879 753 patria
898 658 1045 752 mumulo
1062 656 1105 728 ul

169 778 297 846 uirtutis
315 800 451 845 amorem
469 795 503 845 st
520 776 662 845 discendi
680 777 817 846 laborem
839 802 877 847 ac
898 802 1104 873 perseveran-

169 888 256 973 tiam
269 899 510 986 instigabantur,
533 896 591 967 sud
606 899 701 965 etiam
716 899 783 989 ipsa
798 914 926 965 naturae
941 898 1103 991 pulcritu-

173 1013 232 1101 do,
253 1018 331 1084 vitae
351 1017 481 1085 rusticae
498 1018 677 1102 amoenitas,
695 1017 771 1085 coeli
788 1015 930 1109 denique
946 1017 1048 1086 sereni
1067 1032 1100 1087 et

168 1134 379 1205 candenuius
392 1137 478 1203 astris
490 1133 628 1204 distincti
643 1135 853 1227 spectaculum
868 1159 992 1205 movere
1002 1138 1102 1226 juve·

170 1277 254 1320 num
270 1256 403 1340 animos,
424 1256 538 1343 erigere
555 1257 702 1346 atque'in
721 1258 770 1322 sui
790 1278 900 1348 rapere
917 1253 1101 1324 admiratio-

170 1366 248 1450 nem
265 1372 377 1465 coepit.
417 1367 619 1465 Quoliebat,
641 1391 677 1442 ut
693 1398 766 1444 mcx
781 1376 816 1442 iu
833 1376 955 1444 Urbem
971 1398 993 1442 a
1013 1391 1102 1469 μω

167 1486 306 1578 tlelatcs,
327 1509 364 1560 ut
386 1493 536 1588 medonis
550 1492 729 1588 disciplinae
741 1494 868 1569 fluctus
885 1495 1102 1587 perciperent,

168 1612 295 1704 saepius
309 1615 444 1680 concessi
461 1589 521 1680 otii
530 1612 748 1706 cppcruauitas
766 1612 925 1705 animique
943 1611 1102 1683 relaxandi

173 1727 291 1822 cupido
301 1755 357 1798 rus
366 1755 416 1800 ecs
426 1732 579 1800 invitaret.
592 1774 595 1779 ·
610 1735 638 1800 E
651 1735 768 1823 quibus
779 1734 895 1803 crebris
906 1735 1102 1804 excursioni-

168 1849 233 1916 ·lrus
250 1867 399 1941 quantam
415 1852 541 1920 Marcus
556 1851 692 1919 hauserit
707 1852 914 1947 voluptatem,
931 1855 998 1947 ipae
1010 1870 1103 1945 pcat-

167 1967 348 2060 2e'a,'.quum
367 1967 509 2038 adzillam
528 1972 607 2039 ritae
623 1973 775 2040 rationem
794 1972 1104 2066 et-trauquillitutem

165 2086 370 2177 arcipulslicae.
385 2087 512 2154 fortuna
534 2088 756 2180 literarumque
778 2089 977 2160 andiacum
1006 2116 1106 2162 mc·

165 2208 310 2290 cessent,
332 2206 402 2272 satis
420 2224 528 2299 aperte
548 2206 722 2278 declaravit
776 2213 849 2280 Non
870 2212 955 2277 enim
974 2211 1105 2298 ignor&

166 2328 243 2395 -mus
259 2327 506 2420 psalcherrimum
522 2329 610 2397 illum
625 2330 730 2399 locum
749 2333 784 2398 in
806 2331 929 2398 librcII
949 2328 991 2397 de
1002 2332 1103 2418 legi-

169 2445 246 2533 bus,
269 2446 359 2537 cujus
370 2449 494 2514 iuitium
504 2447 810 2517 ducituralaudibus
820 2449 907 2517 villae
918 2448 1102 2542 Arpinati-13

169 2568 243 2653 ubi,
272 2566 423 2637 celebrata
443 2570 483 2636 ab
508 2567 615 2638 Attico
640 2567 701 2638 loci
722 2569 921 2652 amoenitate,
942 2568 986 2634 ita
1006 2542 1117 2636 Μαι)

172 2710 244 2756 cut:
268 2690 464 2776 »EgouerQ
488 2712 563 2756 cum
579 2679 654 2757 licet
670 2688 775 2783 plures
789 2687 855 2755 dias
871 2689 1108 2776 altesscRomi,

166 2810 352 2900 ·pramertim
372 2807 434 2876 hcc
453 2824 591 2902 tempore
608 2811 699 2893 anui,
723 2806 829 2896 (aestas
841 2808 919 2897 erat)
940 2823 972 2874 et
989 2831 1105 2877 amce⁴

166 2927 299 2992 nitatem
317 2925 400 2993 hanc
419 2942 452 2992 et
470 2921 681 2995 salubritatem
699 2951 823 3018 sequor.
865 2924 931 2996 Sed
950 2926 1105 3000 nimitum

169 3050 222 3112 me
242 3045 296 3111 alia
314 3068 442 3138 quoque
460 3070 547 3114 causa
568 3045 717 3132 delectat,
739 3070 818 3137 quae
837 3062 871 3112 tc
891 3069 958 3112 non
977 3045 1107 3145 attingit

68 3172 75 3185 “
165 3168 222 3232 ita.
244 3203 289 3233 -.-
305 3168 409 3257 Quae
422 3165 556 3234 tandem
573 3168 629 3232 ista
647 3188 750 3235 caussa
768 3167 840 3232 est?
861 3200 908 3221 -ν
948 3164 1055 3254 Quia‚
1076 3165 1105 3232 si

171 3308 280 3354 verum
301 3284 455 3371 dicium,
494 3282 572 3356 haec
591 3301 639 3351 est
657 3308 726 3350 mea
745 3298 778 3349 et
798 3282 894 3372 hujus
913 3281 1017 3365 irruis
1036 3284 1103 3351 mei

171 3400 317 3490 germana
339 3407 458 3499 patriar
504 3405 581 3472 hinc
609 3403 696 3470 enim
724 3403 786 3469 orti
814 3403 912 3494 stirpe
942 3403 1103 3493 antiquis-

171 3526 246 3590 sima
275 3544 400 3610 sumum
445 3524 503 3592 hta
532 3546 649 3607 saera,
670 3521 728 3588 hic
756 3544 873 3608 genus,
903 3519 1100 3609 hie..majo-

172 3667 243 3709 rum
280 3642 375 3709 multa
411 3644 570 3737 vestigia.»
608 3639 715 3732 Quid-
736 3640 849 3732 plura?
885 3640 991 3708 'hane
1007 3639 1108 3709 tides·

169 3761 291 3846 villam,
313 3778 349 3827 ut
370 3786 456 3828 nunc
481 3758 610 3852 quidem
630 3778 692 3845 est,
714 3760 801 3827 latius
821 3753 1016 3829 aedificatam
1036 3785 1102 3852 pu·

170 3883 226 3947 uis
258 3881 355 3950 nostri
386 3878 511 3948 studio:
557 3880 614 3968 qai
644 3901 718 3950 cum
747 3877 979 3983 essetiufirruu
1010 3877 1100 3952 vale-
