2536 4724
589 363 631 444 aa

145 548 203 615 uris-
229 546 821 642 etpiaedmis·pmeaidiis'disputandi
845 553 923 619 ratio
949 548 1079 617 accede-

145 663 226 757 hat,
240 687 303 761 'qua
314 690 346 753 ,³
356 667 618 737 Academicorum
634 692 744 753 more,
765 669 880 737 solebat
911 669 1083 738 ceterarum

145 784 335 856 familiam
380 778 493 882 placita
538 787 703 874 refutare3
762 812 843 879 quae
894 787 1084 854 consuetudo

145 904 326 976 aldebauu-.
342 907 456 974 futuris
494 909 664 974 oratoribus
707 932 769 972 una
811 908 944 988 maxime
976 905 1085 972 idonea

145 1038 222 1094 2880·

147 1145 313 1212 avarum
340 1144 397 1209 iata
415 1144 517 1212 omnia
541 1159 579 1209 ut
610 1142 743 1212 mirifice
770 1145 934 1236 capiebant
955 1144 1085 1210 Cicero-

145 1282 238 1347 nem,
261 1261 347 1328 aliud
374 1280 481 1329 tamen
504 1261 555 1330 ille
575 1289 611 1330 ac
631 1263 721 1351 longe
736 1265 1031 1356 praestantissimum
1049 1264 1087 1327 in
1150 1351 1151 1358 ἵ

145 1381 291 1452 Philonis
325 1381 497 1477 disciplina
531 1385 648 1476 pariter
678 1409 714 1450 ac
755 1382 899 1449 doctrina
928 1379 1088 1448 attendere

145 1502 273 1594 eoepit,
295 1498 382 1594 quod
406 1503 579 1596 proprium
609 1502 684 1569 huic
712 1504 903 1592 privumque
939 1520 1024 1587 crat,
1057 1517 1089 1567 et

145 1604 217 1713 q'iro
238 1597 493 1707 distinguebatur
519 1647 628 1689 cuma
651 1622 758 1688 ceteris
780 1621 995 1714 philosophiae
1014 1646 1085 1685 ma-

145 1720 271 1826 Blstris,
291 1754 361 1806 tum
389 1742 429 1806 ab
445 1741 545 1830 ‘ipsius
562 1739 691 1807 familiae
713 1738 918 1807 Academicae
942 1739 1083 1830 philoso-

147 1855 235 1949 'phls
252 1856 266 1880 '¹
286 1858 363 1924 Erat
405 1874 508 1924 autem
538 1857 615 1924 illud
646 1859 818 1926 Socraticae
849 1884 884 1924 ac
913 1857 1087 1923 Platonicae

145 1970 368 2071 philosophiae
400 1974 550 2045 studium.
605 1975 724 2066 Quod,
756 2001 832 2064 age,
863 1977 1087 2044 accuratissime

148 2096 379 2182 investigemus.
524 2082 525 2086 ¹
924 2106 927 2110 “

150 2216 153 2223 ’
184 2212 399 2283 ‘Philo'enim
421 2217 612 2299 Larissaeus,
635 2218 799 2305 peragratis
828 2218 932 2284 multis
950 2219 1087 2304 regioni-

149 2335 233 2420 bus,
255 2357 356 2424 quum
373 2334 472 2423 literis
492 2350 689 2426 praeparatus
710 2333 750 2400 ad
771 2339 900 2423 majores
932 2354 1011 2402 artes
1035 2359 1086 2404 es-

150 2468 213 2538 set,
245 2448 386 2521 Athenas
421 2451 595 2520 adolescens
627 2477 658 2519 se
687 2456 815 2547 recepit.
866 2457 930 2522 ch
957 2454 1087 2543 diligens
1161 2431 1166 2441 i

150 2568 277 2640 auditor
294 2571 356 2638 fuit
377 2571 562 2639 Clitomachi
584 2572 866 2659 Carthaginiensis,
890 2575 946 2665 qui
969 2601 985 2639 a
1005 2577 1087 2640 Car-

152 2696 254 2767 neade
274 2700 458 2784 institutus,
479 2703 545 2787 ejus
567 2717 597 2766 et
622 2699 817 2792 disciplinam
837 2718 1036 2794 susceperat,
1058 2709 1090 2768 et

152 2816 367 2913 philosophiae
385 2818 497 2911 placita
516 2820 696 2906 consignare
717 2821 841 2911 scriptis
868 2813 1087 2887 meditabatur.

152 2939 195 3009 In
222 2964 290 3031 quo
306 2963 400 3032 opere
428 2963 529 3029 quum
546 2939 721 3032 plurimum
739 2954 927 3020 versaretur,
950 2964 985 3005 ac
1006 2939 1088 3005 Phi-

154 3057 187 3129 lo
217 3076 359 3127 accurate
390 3083 463 3126 eum
489 3058 630 3150 quotidie
661 3057 701 3125 de
741 3057 919 3126 Carneadea
948 3057 1089 3150 philoso-

154 3174 233 3275 phia
269 3177 470 3247 disserentem
502 3194 534 3245 et
562 3164 738 3246 Stoicorum
758 3175 871 3269 placita
894 3179 1087 3267 impugnan-

151 3313 221 3368 tem
253 3298 392 3384 audiret,
415 3315 527 3390 sponte
554 3323 608 3364 sua
632 3298 768 3384 magistri
797 3297 980 3362 sententiam
1018 3318 1089 3358 am-

156 3417 266 3513 plexus
298 3434 364 3503 est,
386 3441 486 3509 eoque
518 3433 642 3484 mortuo
673 3415 780 3482 eadem
810 3413 920 3480 docere
950 3438 985 3478 ac
1009 3437 1090 3503 pro-

159 3558 299 3629 pugnare
320 3536 355 3604 in
379 3535 545 3606 Academia
567 3538 679 3628 coepit.
720 3533 817 3626 Quod
850 3559 922 3601 cum
958 3532 1091 3600 studiose

155 3673 282 3744 ageret,
321 3663 415 3725 ecce!
449 3659 570 3740 evenit,
603 3672 640 3721 ut
669 3655 738 3724 ¹alio
768 3672 872 3720 mento
903 3670 966 3721 tota
1000 3672 1093 3745 atquc

157 3773 269 3846 'animo
300 3773 525 3844 traduceretur.
568 3777 741 3844 Numenius
759 3774 793 3840 id
821 3774 1028 3866 Pythagoreus
1059 3775 1093 3839 in

166 3887 247 3965 libris
289 3888 330 3964 de
364 3893 537 3967 Platonicae
574 3894 693 3965 scholae
730 3894 800 3962 fatis
830 3895 1029 3990 conscripsit,
1076 3916 1093 3958 e
