2536 4724
720 378 763 445 72

279 551 473 646 philosophis
496 550 597 619 honor
625 550 746 638 obtigit.
789 550 834 618 At
855 553 927 619 r'ero
946 560 1048 641 quum
1066 548 1210 619 Archias

278 688 421 737 narretur
450 669 611 759 jucundus
642 669 734 736 fuisse
769 669 915 754 Metello,
957 669 1079 737 auditus
1111 697 1129 737 a
1159 671 1206 740 M.

278 787 431 873 Aemilio,
454 791 561 859 vixisse
585 813 657 857 cum
684 791 728 879 Q.
751 787 881 871 Catulo,
903 804 934 854 et
955 805 1043 879 patre
1066 805 1101 856 et
1127 788 1206 874 filio,

279 933 296 973 a
327 909 445 982 Crasso,
471 909 570 976 cultus
605 932 688 992 esse,
731 924 763 974 et
795 905 951 973 devinctas
984 907 1210 975 consuetudine
1240 950 1248 959 ·

278 1026 462 1118 principum
486 1024 593 1092 domos
618 1026 766 1092 tenuisse:
791 1041 897 1091 contra
922 1027 1097 1117 Epicureus
1117 1029 1210 1097 Pano

279 1145 458 1211 observabat
487 1146 601 1210 Romae
632 1144 815 1210 Memmium
836 1159 1013 1233 ceterosque
1036 1146 1105 1233 ejus
1126 1143 1208 1212 ami·

276 1286 350 1346 eos,
374 1262 468 1329 coluit
489 1265 524 1329 in
545 1264 654 1356 primis
686 1267 868 1333 Ciceronem
885 1264 938 1349 ¹l3
976 1288 1051 1356 'quo
1081 1263 1222 1356 quidem·

276 1380 448 1467 significari
469 1397 566 1473 puto,
588 1385 683 1475 ipsius
703 1408 773 1472 erga
789 1386 947 1477 principes
963 1385 1119 1451 Romanos
1139 1409 1210 1451 ma·

276 1501 396 1587 jorem,
415 1523 511 1590 quem
532 1500 647 1568 horum
669 1527 741 1590 erga
756 1503 843 1569 illum
861 1503 1086 1571 observantiam
1107 1502 1210 1571 fuisse.

281 1618 349 1684 Nee
382 1620 497 1686 Romae
533 1618 724 1689 domicilium
757 1639 946 1716 perpetuum
973 1620 1109 1707 habuit,
1157 1618 1211 1688 sed

282 1759 419 1806 reversus
438 1739 578 1807 Athenas
601 1759 705 1833 postea
728 1766 793 1811 non
817 1743 886 1808 satis
906 1741 1015 1807 habuit
1037 1743 1211 1809 auctorita·

284 1859 345 1944 tis,
379 1877 416 1927 ut
449 1863 621 1945 Memmio,
655 1864 712 1955 qui
745 1866 773 1929 ei
808 1864 889 1929 bene
921 1862 1070 1948 cognitus,
1090 1859 1214 1942 fuerat,

283 1978 373 2070 ipse,
414 1978 501 2071 quod
538 1981 649 2065 vellet,
691 1998 900 2074 proponeret,
942 2004 1050 2048 verum
1082 1980 1215 2048 Cicero-

285 2099 335 2163 nis
368 2098 633 2168 commendatione
663 2117 802 2167 uteretur
830 2101 870 2168 2).
913 2103 960 2168 De
992 2123 1029 2166 eo
1058 2115 1167 2164 tamen
1186 2112 1219 2166 et

285 2215 327 2283 de
362 2219 524 2303 Phaedro,
558 2243 653 2310 quem
682 2222 821 2312 primum
850 2199 1075 2311 philosophum
1105 2218 1221 2287 Cicero

285 2332 427 2421 audivit,
458 2337 538 2402 nihil
561 2361 686 2429 prorsus
711 2337 831 2428 liquet,
864 2353 901 2403 ut
930 2336 1022 2402 etiam
1044 2361 1062 2400 a
1086 2334 1219 2402 Plutar-

287 2454 367 2538 cho,
402 2457 458 2522 ubi
484 2458 674 2524 mentionem
700 2457 824 2525 illorum
854 2471 1065 2547 exspectares,
1097 2451 1223 2522 silentio

285 2575 578 2665 praetermittantur.
621 2575 718 2666 Quod
738 2574 867 2665 qtridem
885 2599 942 2642 eur
965 2575 1007 2639 ita
1027 2596 1060 2638 se
1080 2571 1220 2652 habeat,

286 2693 374 2762 facile
398 2695 587 2781 intelligitur.
631 2698 712 2764 Nam
736 2695 886 2786 Epicurei
908 2691 1111 2785 philosophi,
1140 2716 1224 2761 aue

288 2829 389 2880 torem
411 2813 531 2881 scholae
556 2838 626 2880 suae
656 2814 851 2901 singulariter
880 2826 1083 2890 venerantes,
1121 2808 1223 2879 disci-

288 2930 406 3022 plinam
432 2934 500 3019 ejus
521 2948 559 2998 ut
583 2934 622 2998 ab
644 2934 712 3025 ipso
735 2948 938 3025 acceperant,
959 2932 1003 2998 sic
1022 2927 1225 2997 tradiderunt

288 3051 373 3135 aliis,
394 3051 468 3145 ipsis
492 3046 722 3145 propemodum
747 3053 866 3136 verbis,
889 3049 974 3116 nulla
997 3046 1224 3141 amplificatio-

288 3195 330 3237 ne
356 3171 405 3240 vel
424 3189 545 3240 auctam
566 3172 613 3239 vel
627 3170 889 3239 commendatam.
934 3171 1010 3259 Quo
1026 3167 1143 3252 fiebat,
1167 3183 1225 3253 ut,

288 3290 381 3358 semel
403 3289 554 3384 explicati
584 3288 743 3360 doctrinae
771 3293 942 3383 Epicureae
964 3286 1125 3372 formulh‚
1160 3288 1224 3355 nisi

290 3412 360 3502 quis
382 3411 588 3497 ingenio,aut
605 3408 801 3501 eloquentii,
815 3424 867 3474 aut
884 3408 947 3474 aliis
967 3407 1137 3475 virtutihus
1149 3407 1223 3475 Ro-

288 3552 372 3598 mam
399 3530 497 3596 clarus
524 3520 663 3613 veniret,
695 3529 747 3597 vix
772 3526 976 3595 celebraretur
999 3527 1068 3613 ejus
1097 3523 1234 3613 adven-⁵

324 3765 351 3832 t)
371 3765 422 3835 ap.
438 3768 472 3819 aa
489 3742 564 3822 Fam·
581 3770 601 3820 t.
621 3769 706 3824 xtu.
724 3786 750 3822 ι.
829 3769 858 3839 2)
871 3765 947 3842 ⁴nur.
971 3767 991 3822 1.
1014 3766 1060 3820 cr.
1076 3760 1221 3821 seruata

288 3855 342 3924 op.
361 3856 381 3910 1.
399 3864 419 3909 ι.
440 3857 478 3915 ιι.
497 3877 525 3926 p.
542 3860 604 3913 tte.
