2536 4724
497 355 538 423 73

60 543 120 612 tus,
162 527 208 595 At
230 550 303 596 veto
327 529 458 613 Cicero,
490 529 547 623 qui
578 553 666 595 nunc
693 531 832 620 primum
850 529 890 596 ad
911 531 992 623 phi·⁴
1094 587 1097 592 .
1207 617 1209 626 Ι

57 632 228 738 losophiam
260 643 450 739 accedebat,
492 645 628 714 Phaedri
657 645 806 715 audiendi
840 649 992 719 studiosus

57 764 141 851 fuit,
171 791 211 833 ex
239 789 339 856 coque
362 764 524 858 percipere
545 767 676 859 Epicuri
696 766 810 861 placita
836 771 992 862 cupiebat.

59 883 133 971 Ac,
179 887 241 953 sive
272 887 311 951 ab
339 885 389 952 illa
410 883 651 977 philosophandi
678 889 795 953 ratione
819 886 993 956 adolescens

60 1029 130 1074 non
150 1005 346 1090 ahhorreret,
391 1029 446 1071 seu
475 1007 570 1105 ipsius
599 1004 735 1074 Phaedri
766 1008 844 1074 ratio
866 1030 938 1104 eum
962 1021 995 1074 et
1037 1011 1039 1015 ⁴

58 1125 160 1192 oratio
180 1122 359 1210 delectaret,
381 1122 571 1208 confitetur,
592 1147 665 1190 cum
688 1125 770 1209 sihi,
793 1149 893 1216 quum
914 1102 995 1216 puer

54 1259 156 1328 esset,
179 1241 266 1310 valde
286 1259 322 1308 ut
346 1242 589 1336 philosophum,
612 1260 719 1337 postea
743 1259 866 1329 tamen,
888 1260 924 1308 ut
941 1245 992 1312 vi-

59 1385 136 1431 rum
159 1363 279 1431 bonum
298 1377 333 1428 et
350 1385 474 1430 suavem
492 1378 524 1428 et
546 1361 716 1432 officiosum
741 1365 910 1457 probatum
940 1386 992 1431 es-

57 1503 97 1549 se
120 1482 166 1550 .¹).
196 1528 198 1534 -
559 1546 561 1551 ,
846 1527 848 1531 -

76 1652 81 1657 -
108 1599 173 1670 Sed
203 1601 262 1668 illis
292 1599 384 1690 longe
414 1601 603 1695 ,praecellens
636 1629 673 1672 ac
703 1605 817 1690 gratior
849 1602 996 1669 Romanis

65 1717 158 1789 Philo
176 1718 246 1787 fnit.
290 1721 358 1810 Qui
386 1746 487 1810 quum
504 1743 554 1790 res
578 1719 714 1814 trepidas
741 1746 777 1790 ac
803 1720 995 1786 turbulentas

65 1837 102 1905 in
130 1838 255 1909 Graecia
282 1837 370 1934 valde
392 1837 522 1923 odisset,
544 1855 693 1928 tanquam
721 1841 754 1904 in
773 1855 903 1930 portum
924 1839 993 1904 Ro-

62 1979 149 2026 mcm
160 1980 192 2024 se
204 1982 277 2025 cum
297 1957 535 2025 Atheniensium
547 1959 752 2049 optimatibus
770 1958 898 2046 recepit.
920 1958 997 2023 Eunt

61 2077 113 2147 vir
146 2074 318 2144 eruditione
351 2077 475 2161 clarus,
509 2101 605 2169 quam
632 2075 751 2147 studiis,
773 2103 809 2144 ac
844 2092 995 2169 perpetua

14 2194 21 2207 '
60 2195 309 2290 pelegrinatione
331 2196 391 2263 sibi
424 2179 674 2288 comparaverat3
706 2197 792 2262 tenth
812 2212 914 2262 autem
943 2195 994 2262 fa-

61 2314 181 2385 cundii
216 2338 401 2408 morumque
430 2340 462 2383 se
495 2315 733 2384 commendabat
762 2316 931 2400 suavitate,
959 2331 1003 2396 ut

60 2459 155 2531 nnus
165 2437 321 2503 exsisteret
340 2459 358 2502 e
380 2434 565 2505 Clitomachi
588 2435 766 2527 discipulis,
789 2460 906 2527 quem,
929 2453 994 2502 tes-

61 2569 99 2621 te
121 2553 290 2622 Plutarcho
308 2554 360 2639 2),
382 2561 522 2641 μάλιστα
542 2562 679 2640 Ῥωμαῖοι
706 2565 762 2626 τῶν
783 2559 996 2641 Κλειτομάχου

62 2679 192 2756 συνήθων
216 2679 266 2744 καὶ
294 2679 343 2747 tot
362 2680 414 2745 clv
438 2677 528 2755 λόγον
555 2678 747 2755 ἐθαύμασαν,
781 2678 830 2743 καὶ
865 2679 916 2745 διὰ
945 2680 996 2745 τὸν

61 2795 171 2878 vitm
194 2797 367 2876 ἠγάπησαν.
411 2793 505 2858 Hunc
522 2791 617 2878 igitur
638 2792 770 2875 Cicero,
783 2814 879 2881 quem
896 2811 995 2880 mag-

60 2896 145 2976 netis
161 2913 269 2976 vinem
290 2910 344 2992 5),
365 2926 398 2976 et
409 2914 597 3001 princepem
614 2909 813 2976 Academiae
835 2909 869 2979 4)
888 2926 995 2995 vocnt,

24 3084 30 3090 .
59 3052 132 3097 non
147 3027 257 3097 'solum
277 3027 449 3123 profugum
468 3029 603 3115 benigne
633 3027 780 3120 excepit,
801 3025 857 3094 sed
878 3049 997 3094 summe
1089 3033 1091 3039 ’

73 3342 77 3348 .
100 3295 129 3368 t)
148 3297 218 3352 Ecd.
234 3296 254 3350 l.
273 3294 361 3363 Epist.
382 3295 415 3347 sd
433 3297 492 3349 tu.
505 3293 528 3347 l.
551 3293 588 3346 V.
617 3311 659 3348 tt.
677 3294 825 3363 x111.39.
845 3292 888 3344 nd
901 3291 998 3361 Quint·

61 3385 115 3441 rr.
136 3386 161 3440 1.
178 3407 204 3442 2.
222 3385 265 3437 De
287 3384 307 3436 F
310 3389 347 3437 in.
378 3384 414 3438 V.
433 3403 458 3437 ι.
486 3384 529 3436 De
548 3384 613 3436 Nat.
631 3385 670 3437 D.
691 3385 715 3436 Ι.
733 3383 775 3436 55.
792 3384 844 3436 eff.
867 3383 996 3444 dontius,
1111 3378 1116 3383 ’

63 3475 100 3529 do
130 3477 233 3546 Script·
259 3476 325 3526 hist.
351 3476 455 3546 philos.
474 3475 495 3528 l.
522 3476 544 3527 1.
563 3492 587 3527 c.
605 3491 648 3526 20.
678 3472 704 3525 4.
739 3472 780 3526 11.
806 3474 848 3524 18.
868 3470 895 3524 4.
924 3471 1000 3539 Krug

71 3560 169 3618 Gssch.
190 3566 237 3618 der
252 3566 359 3618 Philon.
373 3564 424 3617 Ed.
446 3565 486 3619 11.
503 3582 530 3630 p.
552 3563 611 3617 ⁵⁵8.
630 3563 728 3614 itiner.
746 3563 840 3614 Gesch.
856 3563 904 3613 der
919 3562 998 3613 Phil.

66 3662 90 3709 t.
112 3655 170 3710 111.
186 3673 214 3723 p.
234 3655 286 3725 493
303 3673 363 3724 sqq.
386 3655 437 3708 iv.
456 3673 484 3721 p.
501 3655 544 3710 eo.
561 3638 691 3708 Wiclaid
709 3651 763 3719 op.
774 3651 795 3702 1.
816 3671 841 3716 ρ.
859 3652 885 3703 s.
903 3647 1002 3703 nidd.

66 3743 143 3797 leton
165 3744 191 3798 l·
210 3761 238 3812 p.
255 3745 298 3798 43.
318 3744 405 3797 Erech
420 3745 538 3813 Encycl.
554 3762 583 3811 p.
600 3761 659 3815 227·
711 3743 739 3810 ι)
763 3739 826 3792 Vita
847 3740 906 3793 Cic.
924 3758 949 3796 e.
971 3740 997 3792 5.

64 3824 100 3903 ¹d)
120 3830 204 3888 tend.
220 3828 242 3890 l.
264 3837 287 3888 Ι.
307 3852 332 3889 ο.
352 3834 380 3889 4.
428 3833 463 3903 4)
482 3833 582 3887 Btntus
599 3851 623 3886 c.
643 3833 688 3904 89·
711 3830 756 3886 De
773 3826 853 3882 otu.
864 3829 920 3883 111.
937 3827 981 3883 28.
