2536 4724
510 377 551 442 33

64 553 267 641 tudun-hic·
296 549 361 622 sere
384 570 512 622 aetatem
535 559 597 644 egit
618 558 653 623 in
676 549 781 625 literis.⁴
845 558 908 628 Sed
934 557 996 627 hoe

66 674 135 763 ipso
160 675 196 741 in
222 672 308 757 loco,
342 671 417 740 cnm
438 696 511 741 avus
532 673 667 759 viveret,
701 691 734 740 et
757 676 885 767 antiquo
906 698 993 745 more
1016 668 1018 673 ’

61 810 158 885 parva
184 809 260 859 esset
290 791 380 875 villa,
418 815 468 859 me
496 793 572 858 scito
601 815 664 860 esse
693 789 812 860 natum.
859 796 994 884 'Quare

59 912 271 980 inestnescic
291 907 387 1001 quid,
408 927 441 976 et
461 909 535 976 latet
557 911 592 977 in
612 909 715 979 animo
737 935 773 979 ac
794 935 887 979 sensu
907 935 993 998 meo,

59 1055 128 1121 quo
145 1055 195 1097 me
215 1029 286 1122 plus
306 1030 358 1114 liic
380 1028 466 1096 locus
489 1029 614 1097 fortasse
634 1025 786 1099 delectet:
840 1025 995 1123 si'quidem

56 1152 153 1218 ctiam
185 1149 235 1216 ille
267 1151 504 1242 sapientissimus
532 1152 600 1234 uir,
631 1145 770 1217 Ithacam
801 1166 839 1216 ut
855 1148 995 1235 videret,
1101 1129 1104 1133 ⁸

57 1268 320 1337 inmortalitatem
349 1271 496 1336 scribitur
526 1269 735 1363 repudiasse.''
763 1309 808 1323 -
872 1267 995 1337 Deinde

30 1374 32 1379 ³
59 1389 222 1480 quaerenti
249 1387 376 1472 Attice,
408 1377 568 1480 numquid
593 1389 674 1456 duas
704 1390 832 1457 haberet
847 1383 850 1389 ¹
863 1385 997 1481 patrias,

57 1507 243 1600 respondet:
269 1534 312 1574 ·»
332 1509 400 1595 Ego
427 1527 482 1576 me'
508 1510 636 1578 hercule
662 1527 695 1577 et
722 1513 835 1579 Catoni
863 1511 995 1604 sapienti

58 1642 92 1693 ct
116 1629 262 1695 omnibus
285 1629 496 1720 municipibus
530 1626 605 1695 drus
633 1652 697 1695 esse
728 1650 837 1696 censeo
855 1631 998 1721 'patriast

56 1769 158 1810 unam
177 1761 323 1826 naturae,
346 1744 471 1812 alteram
492 1741 645 1813 ciuitatis:
669 1763 706 1812 ut
728 1747 777 1812 ille
801 1746 904 1829 Cato,
922 1760 996 1814 cnm

57 1878 139 1930 esset
158 1861 290 1929 Tusculi
311 1878 416 1947 natus,
435 1864 473 1929 -in
493 1863 602 1955 populi
614 1865 745 1930 Romani
760 1865 994 1930 civitatemsus-

61 1998 173 2074 ceptus
182 1998 236 2048 est.
257 1958 384 2071 Itaque,
397 2006 470 2048 cum
482 1998 553 2048 ortu
566 1981 761 2050 Tusculanus
773 1998 865 2066 esset,
878 1975 999 2050 ciuitate

62 2104 244 2186 Romanus,
269 2100 380 2166 habuit
402 2100 526 2170 alteram
544 2101 604 2168 loci
622 2096 774 2195 patriam,
797 2100 922 2167 alteram
935 2104 1016 2190 ju·-

65 2224 134 2290 ris.
161 2219 225 2289 Sed
242 2240 370 2287 necesse
392 2237 452 2305 est,
482 2223 606 2288 caritate
627 2245 695 2288 eam
717 2237 887 2313 praestare,
919 2245 999 2312 quae

12 2379 15 2384 ·
63 2339 401 2430 reipublicaenomine
421 2341 562 2408 universa
589 2342 694 2408 civitas
713 2356 768 2407 est.
812 2339 920 2408 Dulcis
935 2364 995 2405 au·
1022 2403 1024 2413 ,

64 2476 131 2528 tem
157 2484 222 2527 non
250 2459 350 2527 multo
375 2483 461 2527 secus
487 2475 534 2526 est
561 2483 613 2544 ea,
648 2482 727 2550 quae
746 2459 869 2545 genuit,
903 2480 998 2548 quarn

12 2620 16 2627 ·
64 2578 135 2665 ille,
158 2603 238 2670 quae
251 2581 391 2672 excepit.
425 2579 535 2670 Itaque
557 2603 613 2666 ego
630 2578 714 2644 hanc
731 2601 831 2645 meum
853 2599 916 2642 esse
935 2602 997 2668 pa·

65 2701 157 2767 triam
174 2722 305 2793 *prorsus
329 2723 495 2788 nunquam
524 2699 661 2784 negabo,
684 2695 762 2762 dum
784 2694 835 2760 illa
865 2671 999 2760 sir'mal-

62 2822 137 2909 jor,
158 2835 190 2885 et
216 2819 293 2886 haec
316 2820 351 2884 in
374 2841 408 2884 ea
430 2818 657 2886 contineatur.’'
674 2852 725 2870 --·
758 2816 841 2880 Haec
869 2809 1000 2904 quidem

66 2936 117 3004 ille
145 2939 246 3004 senior
270 2961 344 3004 cum
366 2936 521 3029 voluptate
543 2933 784 3019 recordabatur3
830 2949 862 2999 at
888 2931 1001 3022 quanti

64 3055 175 3123 fecerit
193 3057 316 3144 juvenis
338 3047 434 3143 hujus
453 3057 532 3123 vitae
555 3055 684 3121 rusticae
707 3051 843 3136 delicias,
866 3074 999 3137 cognes-

68 3174 169 3260 cimus
197 3196 235 3242 ex
266 3177 402 3242 oratione
432 3199 492 3268 pro
517 3175 626 3241 Roscio
657 3172 825 3253 Amerino,
857 3171 915 3260 qui
935 3170 1002 3259 ipse

66 3292 135 3360 hoc
153 3293 232 3361 vitae
252 3318 348 3381 genus
373 3295 625 3387 amplectebatur.
668 3290 828 3358 Praedicat
851 3289 895 3354 ibi
918 3289 1002 3375 agri-
1058 3336 1062 3343 .

67 3410 207 3480 cultmne
238 3428 270 3478 et
287 3414 379 3495 ‚vitae
411 3415 540 3479 rusticae
562 3411 773 3493 honestatem,
802 3409 1001 3492 suavitatem,

66 3528 241 3597 utilitatem.
297 3554 322 3598 »·
339 3533 443 3598 Patres
462 3530 618 3612 ·familias,
653 3530 714 3611 ait,
746 3554 774 3595 c.
803 3553 849 3612 15.
882 3528 937 3619 qui
958 3528 1000 3594 li-

70 3647 160 3714 beros
181 3647 319 3731 habent,
340 3650 520 3741 praesertim
544 3648 684 3715 homines
707 3646 786 3712 illius
804 3644 942 3729 ordinis,
962 3669 1001 3713 ex
1109 3694 1113 3700 -

71 3767 448 3860 municipiis-rusticanis,
471 3763 576 3835 nonne
600 3768 824 3859 optatissimum
846 3766 905 3832 sibi
933 3790 1000 3858 pu·

71 3901 139 3957 tant
166 3910 246 3973 esse,
287 3885 366 3958 filios
390 3912 459 3957 suos
482 3888 527 3955 rei
549 3887 689 3957 familiari
712 3889 849 3983 maxime
872 3886 1003 3968 servire,
