2536 4724
607 439 677 523 284,

177 623 292 699 Brute,
323 616 358 681 in
386 631 416 678 te
443 615 578 680 intuenti
586 661 602 694 ,.
622 614 743 679 :crebro
774 613 809 677 iu
828 630 988 691 mentem
1020 635 1093 693 repo

175 738 295 818 vereri,
321 731 520 825 ecquodnam
546 729 738 801 emriculum
766 730 937 822 aliquando
957 732 1093 805 habiture

174 857 215 919 sit
246 866 310 919 tua
324 870 357 918 ct
388 869 498 919 natura
528 849 716 917 admusbilis
742 867 775 915 et
792 853 952 942 asquinus
965 851 1092 935 ‚doctri-

175 998 217 1039 na
247 989 279 1038 et
304 971 465 1058 singularis
490 969 652 1038 industris.
703 971 814 1059 Quum
840 943 924 1041 enlm
950 973 986 1040 in
1007 989 1092 1047 losu-

174 1093 214 1159 sis
242 1092 381 1158 maximis
417 1106 552 1160 versatus
589 1111 685 1171 asses,
727 1105 760 1154 et
798 1114 899 1180 quum
934 1090 993 1156 tibi
1022 1106 1093 1158 aetas

175 1227 280 1283 nostra
304 1211 372 1295 jam
399 1207 551 1290 cederet,
590 1208 749 1299 sermoque
784 1208 1011 1290 summitteret,
1040 1232 1091 1274 su·

175 1331 244 1397 bito
267 1330 301 1394 in
326 1330 448 1394 civitate
480 1350 581 1418 quum
608 1325 665 1395 alia
689 1323 887 1406 oeciderunt,
912 1343 985 1392 tum
1007 1326 1093 1392 etiam

174 1441 242 1532 ipsa
271 1445 447 1538 eloquentia
475 1444 675 1510 obmutuit.”
706 1480 750 1494 --
781 1468 802 1508 »
821 1444 860 1508 Iu
891 1460 922 1508 te
951 1448 1090 1527 intuens,

173 1565 287 1646 Brute,
330 1562 443 1646 doleo,
477 1564 565 1649 cujus
594 1563 629 1628 in
659 1560 910 1645 adolescentium,
930 1586 991 1656 per
1025 1587 1090 1639 mor

174 1681 239 1754 dius
262 1680 367 1749 laudes
400 1683 488 1770 quasi
514 1679 671 1771 quadrigis
702 1680 888 1764 vehentem,
936 1698 1090 1752 transver-
1121 1683 1126 1688 ’

173 1825 205 1866 sa
239 1805 373 1868 incurrit
409 1802 519 1867 misera
544 1800 670 1867 fortuna
705 1799 904 1888 reipublicae.
948 1802 1010 1868 Hic
1047 1823 1093 1866 me

173 1919 260 1987 dolor
290 1923 407 2006 tangit,
440 1919 515 1986 haec
544 1943 594 1984 me
629 1942 704 1985 cura
737 1898 896 2002 sollicitat,
943 1935 977 1986 et
1008 1919 1091 1986 huuc

171 2062 316 2121 mecum,
356 2040 474 2106 socium
516 2034 657 2123 ejusdem
693 2053 725 2102 et
766 2039 876 2103 amotis
911 2054 944 2103 et
962 2037 1091 2125 ,judicii

172 2158 248 2226 Tibi
274 2159 430 2240 favemus,
452 2173 498 2251 ¹te
536 2172 587 2220 tua
612 2155 675 2221 frui
708 2157 823 2222 virtute
850 2157 1014 2246 cupimus:
1047 2158 1089 2222 ti-

172 2278 206 2341 bi
258 2293 400 2365 optamus
434 2301 502 2340 eam
540 2275 785 2361 rempublicam,
828 2276 862 2341 in
902 2300 968 2367 qna
986 2343 992 2352 ,
1009 2273 1089 2342 duo-

170 2419 242 2459 rum
284 2418 433 2482 generum
460 2392 716 2480 amplissimorum
741 2416 885 2460 renovare
911 2395 1091 2472 memoriam

168 2531 264 2605 atque
296 2503 404 2598 augere
429 2513 535 2601 possis.
589 2514 697 2577 Tuum
725 2514 810 2578 enim
836 2512 957 2594 lorum,
1007 2530 1092 2589 tuum

168 2649 234 2698 erat
259 2631 337 2698 illud
362 2629 570 2698 curriculum:
605 2647 640 2696 tu
668 2630 741 2697 illuc
760 2655 882 2698 veneras
911 2658 1016 2715 unus,
1038 2636 1094 2725 qui

169 2777 233 2818 non
259 2752 396 2836 linguam
420 2747 514 2815 modo
547 2751 674 2815 acuisses
700 2751 917 2819 exercitatione
943 2750 1092 2836 dicendi,

169 2868 222 2935 sed
247 2886 280 2934 et
304 2870 404 2958 ipsam
429 2867 639 2955 eloquentiam
655 2866 900 2958 locupletavisses
918 2873 1094 2955 grauiorum

169 2992 283 3058 ortium
313 2991 535 3065 instrumento,
553 3002 584 3051 et
613 2985 722 3053 iisdem
739 2989 857 3055 artibus
883 2986 985 3063 decus
1002 3014 1095 3057 omne

169 3112 291 3187 uirtutis
321 3133 393 3176 cum
428 3130 549 3171 summa
581 3105 773 3197 eloquentiae
806 3106 912 3177 laude.
928 3111 1094 3195 junxisses.

170 3231 218 3300 Ex
244 3246 274 3293 te
301 3226 418 3316 duplex
446 3250 503 3291 nos
525 3226 620 3293 efficit
637 3225 830 3308 sollicitudo,
854 3227 942 3317 quod
969 3232 1096 3320 etipse

169 3373 202 3416 re
228 3346 356 3438 publica
382 3368 506 3426 careas,
522 3361 554 3409 et
571 3343 621 3411 illa
639 3360 679 3410 te.
702 3349 757 3410 Tu
789 3361 913 3430 tamen,
937 3350 996 3418 etsi
1015 3375 1093 3416 our-

168 3493 237 3535 sum
271 3465 384 3551 ingenii
413 3465 476 3543 tui,
511 3466 625 3545 Brute,
658 3464 772 3555 premit
802 3464 878 3531 haec
911 3440 1100 3558 importune

169 3586 269 3653 clades
298 3585 444 3662 civitatis,
468 3584 592 3649 contine
621 3600 650 3647 te
675 3584 709 3648 in
736 3584 793 3649 tuis
810 3580 1005 3673 perennibus
1022 3604 1093 3655 stu-

169 3705 236 3774 diis.
286 3707 351 3772 Neo
377 3705 459 3771 enim
492 3700 582 3768 decet
610 3717 639 3765 te
667 3718 812 3767 ornatum
842 3706 1011 3773 uberrimis
1040 3732 1095 3774 ar-

169 3827 270 3902 tibus,
302 3846 377 3913 quas
398 3846 500 3911 quum
527 3819 620 3886 domo
641 3821 764 3887 haurire
787 3846 852 3888 non
880 3849 1005 3913 posses,
1039 3852 1094 3893 ῃ.

169 3944 309 4021 cessiristi
342 3963 380 4012 ex
408 3942 508 4015 turbe.
529 3963 591 4019 ea,
633 3963 714 4028 quae
730 3937 856 4014 ‚domtus
883 3959 948 4018 est,
967 3952 1098 4042 'sanrpee
