2536 4724
524 385 622 463 ss

70 560 298 657 simplieitatem
320 589 424 658 quun
446 568 590 634 vasibus.
603 591 676 634 eum
693 571 817 656 juraret
834 567 1013 656 recordari,¹

69 685 139 775 quis
157 701 223 765 erat
243 684 368 777 Quinto
391 685 486 753 franc
510 689 628 780 aptior,
651 711 791 778 quocum
811 714 915 757 sensus
935 713 1024 758 suos·

67 808 333 874 communicaret?
378 808 461 873 Huic
475 808 571 894 igitur
587 807 648 899 ipsi
664 822 697 873 et
708 805 865 876 dedicasse
880 833 1005 884 oermen

26 1021 29 1024 .
68 939 102 999 et
122 949 196 996 eum
212 924 405 1018 compellasse
423 923 565 1011 videtur,
587 926 642 994 ubi
663 926 707 993 sie
727 928 824 995 canite

81 1089 84 1094 '
182 1089 220 1138 In
236 1093 341 1137 montes
351 1087 466 1155 patrios
482 1095 510 1138 et
527 1088 566 1138 ad
583 1087 755 1140 incunabula
771 1095 911 1141 nostra.

64 1217 159 1310 Quae
183 1219 208 1284 si
236 1219 278 1287 ita
304 1219 381 1302 sint,
415 1218 614 1308 intelligimus
638 1222 742 1309 facile,
779 1246 876 1314 quere
899 1227 1005 1316 postea

64 1334 207 1420 Atticus,
228 1338 264 1402 in
281 1336 470 1431 Arpinatem
490 1342 631 1430 primum
650 1339 787 1429 delatus,
809 1343 882 1408 satis
899 1324 1004 1410 mirari

66 1478 135 1521 non
157 1456 309 1546 potuerit,
344 1481 417 1523 cum
448 1457 528 1524 nihil
558 1458 593 1525 in
622 1459 657 1526 iis
686 1458 760 1528 locis
788 1459 848 1526 nisi
875 1483 943 1525 saxa
970 1472 1003 1525 et

65 1588 187 1640 montes
209 1573 380 1661 cogitasset,
402 1576 436 1643 in
458 1600 525 1646 eam
544 1594 647 1647 autem
669 1579 848 1672 opinionem
869 1596 900 1645 et
922 1575 1003 1646 nar-4

63 1691 235 1764 sationibus
255 1694 355 1762 Marci
385 1711 416 1762 et
440 1697 578 1763 versibus
605 1695 753 1766 inductus
781 1712 872 1787 esset,
890 1701 918 1768 ¹l
943 1698 999 1787 qui

64 1810 159 1879 etiarn
186 1814 350 1907 scripserat
379 1815 414 1880 in
448 1815 584 1910 quadam
619 1815 659 1886 ad
696 1841 770 1894 eum
803 1815 949 1909 epistola:
968 1815 996 1882 ²l

62 1955 87 2005 >>
97 1929 258 2026 Arpinum
280 1931 358 2026 quid
380 1958 437 2022 ego
460 1951 495 2006 te¹
510 1937 669 2003 invitem?
719 2016 721 2021 Ι

180 2085 319 2175 Τρηχεῖ’,
337 2085 414 2149 ἀλλ’
426 2090 519 2164 ἀγαθὴ
531 2089 731 2166 κουροτρόφος’
756 2087 818 2149 sira
840 2087 934 2163 ἔγωγε

175 2181 230 2256 'Ha
249 2191 335 2262 quinq
355 2187 477 2261 iurarem
495 2187 704 2262 γλυκερώτερον
724 2186 802 2246 ἄλλο
825 2179 966 2248 limatas

104 2322 171 2395 Sed
191 2320 241 2392 illa
258 2326 378 2417 minora
394 2328 514 2413 gravius
537 2348 616 2418 opus
634 2326 790 2415 magisque
805 2314 996 2392 elaboratum

57 2445 195 2538 excepit.
225 2444 318 2512 illum
339 2447 424 2512 enim
448 2445 642 2513 consulatum
666 2467 773 2528 suum,
797 2468 894 2534 quem
914 2450 996 2538 duo·

56 2568 158 2636 θὲωσιν
192 2563 344 2656 appellare
378 2565 476 2632 Curio
509 2564 640 2648 solebat,
671 2564 757 2631 omni
788 2561 916 2629 laudum
937 2586 995 2649 ge·-

56 2705 135 2748 nere
159 2698 191 2748 et
217 2685 258 2748 ab
285 2686 430 2751 omnibus
462 2700 493 2749 et
524 2683 659 2775 utrique
684 2682 791 2770 linguis
822 2682 944 2750 tractari
964 2696 996 2748 et

55 2798 216 2895 «lecantari
239 2805 393 2890 gestiebat.
438 2805 544 2895 Quare
559 2801 682 2870 Atticus
701 2804 819 2870 Graece
840 2804 905 2890 ejus
924 2800 994 2868 his-

55 2922 169 2990 soriam
195 2948 284 3015 prosa
308 2925 444 2990 oratione
471 2922 672 3004 conficiebat,
704 2919 925 3006 Posidonium,
956 2938 993 2987 ut

53 3038 144 3110 idem
170 3042 359 3127 institueret,
392 3020 507 3108 frustra
527 3043 670 3129 rogabat,
689 3039 717 3109 3]
732 3073 735 3078 ·
750 3041 897 3124 Archias,
931 3038 993 3106 ‹le-

53 3177 189 3228 treetato
220 3162 360 3254 primum
392 3186 504 3254 opere,
538 3161 656 3227 exorari
686 3183 717 3225 se
737 3157 865 3226 tandem
885 3181 992 3252 passus

53 3297 143 3368 erat3
162 3280 191 3349 4)
217 3280 330 3349 deinde
352 3284 525 3370 Luccejurn
544 3303 666 3348 summo
686 3276 813 3362 ardore,
845 3301 887 3344 ne
914 3274 992 3367 quid

96 3506 124 3574 ι)
144 3509 189 3556 De
206 3506 290 3575 Logg·
310 3504 350 3557 ll·
368 3519 393 3555 ι.
411 3503 456 3556 Cf.
468 3501 611 3554 Turnebus
629 3501 660 3552 ad
680 3502 707 3554 h.
724 3497 745 3555 l.
802 3500 829 3567 α)
849 3498 885 3551 L·
898 3499 938 3552 ll.
950 3513 992 3552 ιι.

56 3595 89 3664 3)
109 3593 296 3646 AdArr.11.
316 3610 342 3647 ι.
385 3593 414 3660 4)
438 3590 668 3647 AuAu.1.16..
702 3591 924 3659 Epigrammolis
935 3591 994 3641 tuis

58 3686 188 3737 conterati
206 3686 325 3748 erimus,
341 3684 510 3753 praesertim
527 3701 612 3751 quum
629 3691 657 3733 et
680 3680 789 3732 Cluilius
804 3698 855 3732 nos
869 3680 993 3749 relique-

58 3774 118 3836 rit,
135 3773 301 3824 ethelsius
318 3771 395 3824 nihil
410 3773 443 3822 de
460 3789 501 3821 me
517 3771 672 3839 scripserit.
686 3798 722 3810 -
757 3765 836 3818 Orat.
850 3783 879 3833 p.
891 3766 992 3819 Archia

58 3878 85 3914 c·
97 3871 148 3913 na
176 3862 317 3932 Quaeres
333 3877 384 3911 nos
400 3860 429 3910 in
451 3857 599 3910 consulatu
618 3840 714 3910 noslro
731 3875 786 3927 pro
801 3857 895 3909 salute
910 3856 1000 3921 hujus·

60 3948 139 4002 urbia
157 3957 244 4022 atqua
266 3949 378 4009 imperii
401 3946 554 4018 gessimus,
578 3947 681 4017 attigit
702 3944 994 4020 sternebantque
