2536 4724
620 410 681 481 tte

186 586 279 656 vitate
298 583 437 670 deceret,
458 595 553 666 eccet
574 585 714 656 Athenas
735 585 836 656 delato
853 590 894 669 ita
916 588 1023 663 cunt
1040 595 1104 689 pha

184 721 277 790 cent,
320 703 562 796 devinctumque
593 705 666 773 locis
699 708 775 800 ipsis
797 723 935 794 tenent,
974 729 1023 792 ut-
1045 714 1103 783 lue

181 824 294 894 oblitus
314 828 362 891 sui
378 842 579 918 speratosque
606 824 733 894 dicendi
761 826 892 914 gloriae,
923 829 1013 922 apud
1043 835 1101 903 Iros

181 945 328 1038 tophagos
356 946 456 1013 verius
485 969 583 1036 wem
606 944 691 1038 apud
719 945 926 1014 Athenienses
952 949 1100 1021 viderem

178 1065 342 1158 appulisse.
387 1066 468 1132 Hinc
496 1067 583 1133 enim
606 1064 759 1134 Antiochi
782 1067 937 1135 institutio
968 1092 1098 1137 mmmas

180 1208 243 1277 que
273 1185 332 1251 viri
355 1183 557 1267 familiaritas,
579 1184 666 1259 illinc
688 1184 895 1276 plurimorum
922 1187 1097 1257 benivolas

178 1305 235 1384 tie,
257 1304 291 1368 in
313 1305 421 1395 primis
440 1303 539 1370 Attici
563 1305 691 1369 amicitia
708 1305 958 1395 conjunctioque
985 1305 1096 1374 studio·

176 1444 249 1490 rum
277 1421 409 1490 mirifice
441 1446 514 1490 eum
547 1440 704 1514 ceperant.
750 1425 844 1514 Quae
863 1426 969 1492 omnia
990 1427 1097 1494 invita-

176 1559 300 1628 menta,
320 1545 346 1609 si
365 1540 520 1624 addideris
549 1544 708 1610 continuas
740 1542 840 1628 Attici
862 1568 975 1637 preces
992 1561 1027 1612 et
1046 1568 1094 1614 eoa

175 1662 383 1748 hortationes,
419 1664 490 1749 cui,
521 1680 557 1728 ut
585 1663 760 1753 Epicureo,
790 1661 909 1731 licebat·
928 1664 1096 1732 amicum

174 1784 359 1875 reipublicae
384 1807 508 1852 avocare
535 1780 817 1868 administratione,
860 1783 1007 1876 profecto
1031 1781 1093 1851 talia

173 1928 210 1970 ac
232 1919 315 1971 tauta
352 1903 489 1988 fuerint,
521 1918 557 1969 ut
580 1926 655 1969 nou
688 1903 802 1968 mirum
828 1919 929 1988 esset,
957 1904 1095 1973 Cicermi

173 2021 314 2088 Athenas
348 2046 412 2089 non
441 2038 590 2112 tanquam
626 2021 837 2089 commorandi
869 2021 1094 2110 deversorium,

172 2137 226 2207 sed
252 2157 400 2232 tanquam
421 2139 588 2232 proprium
619 2137 781 2206 habitandi
816 2139 921 2208 locum
944 2141 1118 2235 pheuma

173 2257 226 2324 Sic
246 2258 343 2343 igitur
363 2258 564 2342 sentientem,
587 2259 630 2325 sic
652 2275 832 2351 optantem,
854 2276 909 2346 ut,
929 2262 959 2327 si
978 2259 1093 2329 adeun-

171 2373 229 2441 dae
260 2375 446 2470 reipublicse
466 2398 522 2468 spe
551 2375 725 2463 excidisset,
748 2378 890 2468 Athenss
912 2381 1009 2448 vitam
1031 2379 1093 2450 soe·

170 2511 323 2585 turresque
341 2544 343 2548 a
363 2494 563 2581 transferret,
606 2498 727 2588 sibique
764 2497 888 2583 liceret,
932 2512 1096 2569 remotos

169 2612 285 2680 forensi
318 2616 535 2699 contentione,
576 2616 789 2709 philosophiae
823 2616 933 2685 studiis
966 2642 1090 2704 vacare,

170 2757 252 2801 mors
273 2735 374 2803 Sullae
396 2751 428 2800 et
447 2738 571 2803 crebrae
591 2738 761 2803 amicorum
778 2737 882 2804 literae
892 2787 905 2827 ,
927 2763 1010 2828 quae
1029 2741 1091 2807 Ro*

169 2853 222 2922 mi
247 2854 470 2940 afferebantur,
491 2856 642 2923 Antiochi
674 2857 766 2948 etiarn
787 2854 979 2942 adhortatio,
999 2873 1036 2927 ut
1054 2852 1091 2923 nl

168 2973 393 3066 rempublicam
416 2977 483 3066 jam
504 2977 647 3068 protinus
678 2973 855 3059 accederet,
899 2975 1091 3043 vehementes

168 3101 241 3160 enm
272 3091 314 3160 ad
334 3117 475 3163 omnem
505 3093 570 3163 vim
602 3096 717 3182 ingenii
744 3093 933 3187 *consiliique
972 3095 1021 3163 sui
1058 3094 1089 3161 iu

166 3215 322 3282 Romame
346 3214 493 3283 'civiutis
518 3211 750 3283 conserendam
778 3212 942 3282 utilitatem
976 3215 1088 3284 meite

167 3349 254 3403 mint.
319 3369 322 3373 ·
895 3370 903 3375 ·

209 3450 476 3545 Quandoquidem
501 3477 573 3520 vero
599 3453 797 3546 praecipuam
816 3451 951 3520 Athenis
968 3473 1086 3546 operam

165 3572 378 3665 philosophiae
398 3588 579 3656 cavaverat,
602 3573 768 3662 minusque
790 3568 908 3638 assidue
931 3574 973 3640 ob
995 3571 1082 3639 infir-

165 3715 249 3760 mum
278 3689 483 3758 valetudinem
515 3691 651 3757 oratoriis
677 3691 943 3758 exercitationibus
970 3715 1002 3758 se
1030 3686 1082 3755 de·

166 3805 273 3892 dent„
292 3809 393 3891 uilis,
415 3811 510 3894 ὥσπερ
532 3813 665 3898 ὄργανον,
692 3814 856 3896 {inpudens
877 3816 927 3884 ndu
946 3812 1080 3898 inerpertis

165 3932 277 4012 adyto,
309 3932 358 3999 eal
385 3929 571 4006 deservisse·
597 3930 651 4006 clv
678 3931 831 4006 πολιτικὴν
853 3933 1001 4015 tessera,
1026 3926 1080 4001 im
