<?xml version="1.0" encoding="UTF-8"?>
<!DOCTYPE html PUBLIC "-//W3C//DTD XHTML 1.0 Transitional//EN"
    "http://www.w3.org/TR/xhtml1/DTD/xhtml1-transitional.dtd">
<html xmlns="http://www.w3.org/1999/xhtml" xml:lang="en" lang="en">
 <head>
  <title>
</title>
<meta http-equiv="Content-Type" content="text/html;charset=utf-8" />
  <meta name='ocr-system' content='tesseract 3.04.00' />
  <meta name='ocr-capabilities' content='ocr_page ocr_carea ocr_par ocr_line ocrx_word'/>
</head>
<body>
  <div class='ocr_page' id='page_1' title='image "./mtulliuscicerop00kolkgoog_0112.png"; bbox 0 0 2536 4724; ppageno 0'>
   <div class='ocr_carea' id='block_1_1' title="bbox 612 437 653 503">
    <p class='ocr_par' dir='ltr' id='par_1_1' title="bbox 612 437 653 503">
     <span class='ocr_line' id='line_1_1' title="bbox 612 437 653 503; baseline 0.073 -3"><span class='ocrx_word' id='word_1_1' title='bbox 612 437 653 503; x_wconf 89' lang='grc'><strong>89</strong></span> 
     </span>
    </p>
   </div>
   <div class='ocr_carea' id='block_1_2' title="bbox 132 606 1171 3087">
    <p class='ocr_par' dir='ltr' id='par_1_2' title="bbox 163 599 1144 2489">
     <span class='ocr_line' id='line_1_2' title="bbox 164 606 1129 700; baseline 0 -26"><span class='ocrx_word' id='word_1_2' title='bbox 164 608 229 687; x_wconf 65' lang='lat' dir='ltr'><strong>uim</strong></span> <span class='ocrx_word' id='word_1_3' title='bbox 248 625 471 690; x_wconf 76' lang='lat' dir='ltr'><strong>ac-naturam,</strong></span> <span class='ocrx_word' id='word_1_4' title='bbox 492 609 533 671; x_wconf 89' lang='lat' dir='ltr'><strong>ita</strong></span> <span class='ocrx_word' id='word_1_5' title='bbox 557 606 736 693; x_wconf 84' lang='lat' dir='ltr'><strong>dignitatem</strong></span> <span class='ocrx_word' id='word_1_6' title='bbox 760 630 943 700; x_wconf 79' lang='lat' dir='ltr'>magnopere</span> <span class='ocrx_word' id='word_1_7' title='bbox 956 607 1089 677; x_wconf 80' lang='lat' dir='ltr'><strong>minuit.</strong></span> <span class='ocrx_word' id='word_1_8' title='bbox 1127 650 1129 653; x_wconf 31' lang='grc' dir='ltr'><strong>ν</strong></span> 
     </span>
     <span class='ocr_line' id='line_1_3' title="bbox 164 716 1090 817; baseline -0.003 -21"><span class='ocrx_word' id='word_1_9' title='bbox 164 724 229 796; x_wconf 87' lang='lat' dir='ltr'><strong>Sed</strong></span> <span class='ocrx_word' id='word_1_10' title='bbox 254 727 410 795; x_wconf 91' lang='lat' dir='ltr'><strong>Socratico</strong></span> <span class='ocrx_word' id='word_1_11' title='bbox 432 747 558 817; x_wconf 89' lang='lat' dir='ltr'><strong>prorsus</strong></span> <span class='ocrx_word' id='word_1_12' title='bbox 578 749 663 793; x_wconf 89' lang='lat' dir='ltr'><strong>more</strong></span> <span class='ocrx_word' id='word_1_13' title='bbox 683 716 827 791; x_wconf 84' lang='lat' dir='ltr'><strong>naturam</strong></span> <span class='ocrx_word' id='word_1_14' title='bbox 844 724 1009 793; x_wconf 89' lang='lat' dir='ltr'><strong>humanam</strong></span> <span class='ocrx_word' id='word_1_15' title='bbox 1030 751 1090 793; x_wconf 78' lang='lat' dir='ltr'><strong>ex·</strong></span> 
     </span>
     <span class='ocr_line' id='line_1_4' title="bbox 164 841 1093 937; baseline -0.001 -25"><span class='ocrx_word' id='word_1_16' title='bbox 164 846 317 937; x_wconf 85' lang='lat' dir='ltr'><strong>ploravit,</strong></span> <span class='ocrx_word' id='word_1_17' title='bbox 340 846 430 935; x_wconf 89' lang='lat' dir='ltr'><strong>eique</strong></span> <span class='ocrx_word' id='word_1_18' title='bbox 454 843 637 911; x_wconf 81' lang='lat' dir='ltr'><strong>excolendae</strong></span> <span class='ocrx_word' id='word_1_19' title='bbox 655 842 928 937; x_wconf 86' lang='lat' dir='ltr'><strong>perficiendaeque</strong></span> <span class='ocrx_word' id='word_1_20' title='bbox 949 841 1093 911; x_wconf 82' lang='lat' dir='ltr'><strong>adhibuit</strong></span> 
     </span>
     <span class='ocr_line' id='line_1_5' title="bbox 163 963 1095 1056; baseline -0.004 -24"><span class='ocrx_word' id='word_1_21' title='bbox 163 964 403 1056; x_wconf 80' lang='lat' dir='ltr'><strong>philosophiam.</strong></span> <span class='ocrx_word' id='word_1_22' title='bbox 425 965 501 1053; x_wconf 83' lang='lat' dir='ltr'><strong>Quo</strong></span> <span class='ocrx_word' id='word_1_23' title='bbox 523 963 656 1036; x_wconf 83' lang='lat' dir='ltr'><strong>factum,</strong></span> <span class='ocrx_word' id='word_1_24' title='bbox 678 981 715 1029; x_wconf 90' lang='lat' dir='ltr'><strong>ut</strong></span> <span class='ocrx_word' id='word_1_25' title='bbox 734 965 882 1030; x_wconf 70' lang='lat' dir='ltr'><strong>continui</strong></span> <span class='ocrx_word' id='word_1_26' title='bbox 902 964 1095 1055; x_wconf 62' lang='lat' dir='ltr'><strong>progressio.</strong></span> 
     </span>
     <span class='ocr_line' id='line_1_6' title="bbox 163 1081 1093 1173; baseline 0.001 -22"><span class='ocrx_word' id='word_1_27' title='bbox 163 1109 209 1151; x_wconf 90' lang='lat' dir='ltr'><strong>ne</strong></span> <span class='ocrx_word' id='word_1_28' title='bbox 232 1100 409 1151; x_wconf 87' lang='lat' dir='ltr'><strong>cerneretur</strong></span> <span class='ocrx_word' id='word_1_29' title='bbox 428 1107 493 1149; x_wconf 88' lang='lat' dir='ltr'><strong>non</strong></span> <span class='ocrx_word' id='word_1_30' title='bbox 518 1082 636 1167; x_wconf 92' lang='lat' dir='ltr'><strong>solum,</strong></span> <span class='ocrx_word' id='word_1_31' title='bbox 658 1081 711 1148; x_wconf 89' lang='lat' dir='ltr'><strong>sed</strong></span> <span class='ocrx_word' id='word_1_32' title='bbox 729 1085 823 1169; x_wconf 89' lang='lat' dir='ltr'><strong>magis</strong></span> <span class='ocrx_word' id='word_1_33' title='bbox 845 1085 937 1149; x_wconf 89' lang='lat' dir='ltr'><strong>etiam</strong></span> <span class='ocrx_word' id='word_1_34' title='bbox 961 1107 1093 1173; x_wconf 82' lang='lat' dir='ltr'><strong>eompa-.</strong></span> 
     </span>
     <span class='ocr_line' id='line_1_7' title="bbox 163 1200 1098 1294; baseline -0.004 -23"><span class='ocrx_word' id='word_1_35' title='bbox 163 1204 293 1271; x_wconf 87' lang='lat' dir='ltr'><strong>rationis</strong></span> <span class='ocrx_word' id='word_1_36' title='bbox 326 1203 442 1268; x_wconf 90' lang='lat' dir='ltr'><strong>lumine</strong></span> <span class='ocrx_word' id='word_1_37' title='bbox 463 1200 674 1268; x_wconf 79' lang='lat' dir='ltr'><strong>illustraretur.</strong></span> <span class='ocrx_word' id='word_1_38' title='bbox 728 1202 860 1294; x_wconf 84' lang='lat' dir='ltr'><strong>Triplex</strong></span> <span class='ocrx_word' id='word_1_39' title='bbox 892 1205 995 1268; x_wconf 78' lang='lat' dir='ltr'><strong>autem</strong></span> <span class='ocrx_word' id='word_1_40' title='bbox 1026 1218 1098 1268; x_wconf 88' lang='lat' dir='ltr'><strong>erat.</strong></span> 
     </span>
     <span class='ocr_line' id='line_1_8' title="bbox 163 1319 1092 1416; baseline -0.002 -28"><span class='ocrx_word' id='word_1_41' title='bbox 163 1320 386 1416; x_wconf 70' lang='lat' dir='ltr'><strong>Progrediendi</strong></span> <span class='ocrx_word' id='word_1_42' title='bbox 406 1322 498 1404; x_wconf 88' lang='lat' dir='ltr'><strong>ratio,</strong></span> <span class='ocrx_word' id='word_1_43' title='bbox 521 1345 600 1413; x_wconf 85' lang='lat' dir='ltr'><strong>quae</strong></span> <span class='ocrx_word' id='word_1_44' title='bbox 616 1346 654 1386; x_wconf 81' lang='lat' dir='ltr'><strong>cx</strong></span> <span class='ocrx_word' id='word_1_45' title='bbox 677 1321 721 1387; x_wconf 88' lang='lat' dir='ltr'><strong>rei</strong></span> <span class='ocrx_word' id='word_1_46' title='bbox 742 1337 850 1386; x_wconf 89' lang='lat' dir='ltr'><strong>natura</strong></span> <span class='ocrx_word' id='word_1_47' title='bbox 869 1319 1092 1387; x_wconf 84' lang='lat' dir='ltr'><strong>deducebatur.</strong></span> 
     </span>
     <span class='ocr_line' id='line_1_9' title="bbox 164 1438 1093 1533; baseline -0.004 -22"><span class='ocrx_word' id='word_1_48' title='bbox 164 1444 248 1511; x_wconf 90' lang='lat' dir='ltr'><strong>Nam</strong></span> <span class='ocrx_word' id='word_1_49' title='bbox 276 1441 436 1533; x_wconf 89' lang='lat' dir='ltr'><strong>primum,</strong></span> <span class='ocrx_word' id='word_1_50' title='bbox 482 1440 572 1530; x_wconf 88' lang='lat' dir='ltr'><strong>quale</strong></span> <span class='ocrx_word' id='word_1_51' title='bbox 604 1456 682 1506; x_wconf 89' lang='lat' dir='ltr'><strong>esset</strong></span> <span class='ocrx_word' id='word_1_52' title='bbox 710 1446 935 1532; x_wconf 69' lang='lat' dir='ltr'><strong>principium,</strong></span> <span class='ocrx_word' id='word_1_53' title='bbox 980 1438 1093 1508; x_wconf 87' lang='lat' dir='ltr'><strong>deinde</strong></span> 
     </span>
     <span class='ocr_line' id='line_1_10' title="bbox 167 1559 1093 1654; baseline -0.002 -25"><span class='ocrx_word' id='word_1_54' title='bbox 167 1562 258 1654; x_wconf 87' lang='lat' dir='ltr'><strong>quale</strong></span> <span class='ocrx_word' id='word_1_55' title='bbox 278 1563 414 1652; x_wconf 84' lang='lat' dir='ltr'><strong>officium</strong></span> <span class='ocrx_word' id='word_1_56' title='bbox 435 1586 458 1627; x_wconf 90' lang='lat' dir='ltr'><strong>s.</strong></span> <span class='ocrx_word' id='word_1_57' title='bbox 481 1561 640 1644; x_wconf 84' lang='lat' dir='ltr'><strong>medium,</strong></span> <span class='ocrx_word' id='word_1_58' title='bbox 665 1559 808 1645; x_wconf 85' lang='lat' dir='ltr'><strong>tandem,</strong></span> <span class='ocrx_word' id='word_1_59' title='bbox 831 1562 900 1653; x_wconf 90' lang='lat' dir='ltr'><strong>quis</strong></span> <span class='ocrx_word' id='word_1_60' title='bbox 911 1562 995 1649; x_wconf 76' lang='lat' dir='ltr'><strong>finis</strong></span> <span class='ocrx_word' id='word_1_61' title='bbox 1007 1563 1093 1651; x_wconf 75' lang='lat' dir='ltr'><strong>plci-</strong></span> 
     </span>
     <span class='ocr_line' id='line_1_11' title="bbox 168 1681 1144 1773; baseline -0.007 -23"><span class='ocrx_word' id='word_1_62' title='bbox 168 1683 332 1773; x_wconf 75' lang='lat' dir='ltr'><strong>tosoptiae</strong></span> <span class='ocrx_word' id='word_1_63' title='bbox 344 1732 353 1768; x_wconf 93' lang='lat'><strong>,</strong></span> <span class='ocrx_word' id='word_1_64' title='bbox 365 1682 615 1767; x_wconf 84' lang='lat' dir='ltr'><strong>investigabatur.</strong></span> <span class='ocrx_word' id='word_1_65' title='bbox 637 1681 832 1771; x_wconf 86' lang='lat' dir='ltr'><strong>Principium</strong></span> <span class='ocrx_word' id='word_1_66' title='bbox 843 1681 876 1746; x_wconf 91' lang='lat' dir='ltr'><strong>in</strong></span> <span class='ocrx_word' id='word_1_67' title='bbox 888 1703 924 1747; x_wconf 91' lang='lat' dir='ltr'><strong>eo</strong></span> <span class='ocrx_word' id='word_1_68' title='bbox 935 1696 1093 1763; x_wconf 88' lang='lat' dir='ltr'><strong>versatur,</strong></span> <span class='ocrx_word' id='word_1_69' title='bbox 1142 1739 1144 1743; x_wconf 87' lang='lat'><strong>.</strong></span> 
     </span>
     <span class='ocr_line' id='line_1_12' title="bbox 167 1798 1116 1882; baseline -0.004 -15"><span class='ocrx_word' id='word_1_70' title='bbox 167 1815 207 1867; x_wconf 88' lang='lat' dir='ltr'><strong>ut</strong></span> <span class='ocrx_word' id='word_1_71' title='bbox 227 1799 365 1867; x_wconf 89' lang='lat' dir='ltr'><strong>studium</strong></span> <span class='ocrx_word' id='word_1_72' title='bbox 386 1799 515 1867; x_wconf 89' lang='lat' dir='ltr'><strong>melioris</strong></span> <span class='ocrx_word' id='word_1_73' title='bbox 540 1798 724 1865; x_wconf 88' lang='lat' dir='ltr'><strong>conditionis</strong></span> <span class='ocrx_word' id='word_1_74' title='bbox 745 1801 778 1864; x_wconf 90' lang='lat' dir='ltr'><strong>in</strong></span> <span class='ocrx_word' id='word_1_75' title='bbox 802 1800 906 1865; x_wconf 90' lang='lat' dir='ltr'><strong>animo</strong></span> <span class='ocrx_word' id='word_1_76' title='bbox 923 1798 1116 1882; x_wconf 76' lang='lat' dir='ltr'><strong>excitetur,</strong></span> 
     </span>
     <span class='ocr_line' id='line_1_13' title="bbox 167 1916 1094 2012; baseline -0.01 -25"><span class='ocrx_word' id='word_1_77' title='bbox 167 1918 256 2012; x_wconf 77' lang='lat' dir='ltr'><strong>qnod</strong></span> <span class='ocrx_word' id='word_1_78' title='bbox 287 1917 407 2012; x_wconf 84' lang='lat' dir='ltr'><strong>duplici</strong></span> <span class='ocrx_word' id='word_1_79' title='bbox 442 1921 489 1986; x_wconf 84' lang='lat' dir='ltr'><strong>via</strong></span> <span class='ocrx_word' id='word_1_80' title='bbox 515 1920 694 2011; x_wconf 86' lang='lat' dir='ltr'><strong>peragitur,</strong></span> <span class='ocrx_word' id='word_1_81' title='bbox 730 1916 922 1984; x_wconf 88' lang='lat' dir='ltr'><strong>cohortando</strong></span> <span class='ocrx_word' id='word_1_82' title='bbox 948 1924 981 1986; x_wconf 86' lang='lat' dir='ltr'><strong>et</strong></span> <span class='ocrx_word' id='word_1_83' title='bbox 1005 1942 1094 1984; x_wconf 70' lang='lat' dir='ltr'><strong>coar-</strong></span> 
     </span>
     <span class='ocr_line' id='line_1_14' title="bbox 166 2037 1098 2130; baseline 0.001 -26"><span class='ocrx_word' id='word_1_84' title='bbox 166 2037 311 2126; x_wconf 75' lang='lat' dir='ltr'><strong>guendoz</strong></span> <span class='ocrx_word' id='word_1_85' title='bbox 336 2039 438 2105; x_wconf 90' lang='lat' dir='ltr'><strong>officio</strong></span> <span class='ocrx_word' id='word_1_86' title='bbox 460 2037 627 2130; x_wconf 86' lang='lat' dir='ltr'><strong>respondet</strong></span> <span class='ocrx_word' id='word_1_87' title='bbox 650 2054 734 2105; x_wconf 88' lang='lat' dir='ltr'><strong>recta</strong></span> <span class='ocrx_word' id='word_1_88' title='bbox 755 2037 884 2104; x_wconf 89' lang='lat' dir='ltr'><strong>curandi</strong></span> <span class='ocrx_word' id='word_1_89' title='bbox 900 2039 1000 2121; x_wconf 86' lang='lat' dir='ltr'><strong>ratio,</strong></span> <span class='ocrx_word' id='word_1_90' title='bbox 1019 2062 1098 2127; x_wconf 90' lang='lat' dir='ltr'><strong>quae</strong></span> 
     </span>
     <span class='ocr_line' id='line_1_15' title="bbox 164 2155 1095 2249; baseline -0.001 -25"><span class='ocrx_word' id='word_1_91' title='bbox 164 2156 328 2225; x_wconf 87' lang='lat' dir='ltr'><strong>liberando</strong></span> <span class='ocrx_word' id='word_1_92' title='bbox 345 2155 571 2248; x_wconf 87' lang='lat' dir='ltr'><strong>excitandoquc</strong></span> <span class='ocrx_word' id='word_1_93' title='bbox 590 2155 752 2249; x_wconf 82' lang='lat' dir='ltr'><strong>procedit:</strong></span> <span class='ocrx_word' id='word_1_94' title='bbox 777 2156 877 2223; x_wconf 88' lang='lat' dir='ltr'><strong>finem</strong></span> <span class='ocrx_word' id='word_1_95' title='bbox 897 2175 1000 2223; x_wconf 90' lang='lat' dir='ltr'><strong>autem</strong></span> <span class='ocrx_word' id='word_1_96' title='bbox 1017 2157 1095 2248; x_wconf 88' lang='lat' dir='ltr'><strong>phi-</strong></span> 
     </span>
     <span class='ocr_line' id='line_1_16' title="bbox 165 2273 1101 2370; baseline 0.003 -28"><span class='ocrx_word' id='word_1_97' title='bbox 165 2274 323 2370; x_wconf 89' lang='lat' dir='ltr'><strong>losophiae</strong></span> <span class='ocrx_word' id='word_1_98' title='bbox 350 2293 433 2344; x_wconf 86' lang='lat' dir='ltr'><strong>recta</strong></span> <span class='ocrx_word' id='word_1_99' title='bbox 460 2279 554 2342; x_wconf 88' lang='lat' dir='ltr'><strong>animi</strong></span> <span class='ocrx_word' id='word_1_100' title='bbox 579 2273 721 2343; x_wconf 90' lang='lat' dir='ltr'><strong>valetudo</strong></span> <span class='ocrx_word' id='word_1_101' title='bbox 744 2300 768 2342; x_wconf 91' lang='lat' dir='ltr'><strong>s.</strong></span> <span class='ocrx_word' id='word_1_102' title='bbox 791 2278 878 2343; x_wconf 84' lang='lat' dir='ltr'><strong>beata</strong></span> <span class='ocrx_word' id='word_1_103' title='bbox 902 2278 962 2345; x_wconf 90' lang='lat' dir='ltr'><strong>vita</strong></span> <span class='ocrx_word' id='word_1_104' title='bbox 991 2277 1101 2346; x_wconf 73' lang='lat' dir='ltr'><strong>refert·</strong></span> 
     </span>
     <span class='ocr_line' id='line_1_17' title="bbox 166 2395 1096 2489; baseline 0 -24"><span class='ocrx_word' id='word_1_105' title='bbox 166 2398 236 2465; x_wconf 88' lang='lat' dir='ltr'><strong>Hoc</strong></span> <span class='ocrx_word' id='word_1_106' title='bbox 268 2395 396 2488; x_wconf 90' lang='lat' dir='ltr'><strong>quidem</strong></span> <span class='ocrx_word' id='word_1_107' title='bbox 429 2396 592 2489; x_wconf 82' lang='lat' dir='ltr'><strong>sextuplici</strong></span> <span class='ocrx_word' id='word_1_108' title='bbox 623 2395 816 2489; x_wconf 88' lang='lat' dir='ltr'><strong>procedendi</strong></span> <span class='ocrx_word' id='word_1_109' title='bbox 850 2396 944 2464; x_wconf 90' lang='lat' dir='ltr'><strong>modo</strong></span> <span class='ocrx_word' id='word_1_110' title='bbox 982 2423 1096 2465; x_wconf 88' lang='lat' dir='ltr'><strong>munus</strong></span> 
     </span>
    </p>

    <p class='ocr_par' dir='ltr' id='par_1_3' title="bbox 132 2514 1171 3087">
     <span class='ocr_line' id='line_1_18' title="bbox 132 2514 1097 2610; baseline 0.003 -28"><span class='ocrx_word' id='word_1_111' title='bbox 132 2526 135 2531; x_wconf 87' lang='lat'>&#39;</span> <span class='ocrx_word' id='word_1_112' title='bbox 166 2515 585 2610; x_wconf 86' lang='lat' dir='ltr'><strong>philosophiaecontiuetur</strong></span> <span class='ocrx_word' id='word_1_113' title='bbox 605 2514 778 2583; x_wconf 90' lang='lat' dir='ltr'><strong>secundum</strong></span> <span class='ocrx_word' id='word_1_114' title='bbox 801 2517 965 2584; x_wconf 89' lang='lat' dir='ltr'><strong>Philonem</strong></span> <span class='ocrx_word' id='word_1_115' title='bbox 981 2521 1020 2585; x_wconf 75' lang='lat'><strong>¹).</strong></span> <span class='ocrx_word' id='word_1_116' title='bbox 1056 2520 1097 2585; x_wconf 89' lang='lat' dir='ltr'><strong>lu</strong></span> 
     </span>
     <span class='ocr_line' id='line_1_19' title="bbox 169 2633 1092 2729; baseline 0.002 -28"><span class='ocrx_word' id='word_1_117' title='bbox 169 2661 230 2727; x_wconf 86' lang='lat' dir='ltr'><strong>qua</strong></span> <span class='ocrx_word' id='word_1_118' title='bbox 256 2637 444 2729; x_wconf 86' lang='lat' dir='ltr'><strong>expositione</strong></span> <span class='ocrx_word' id='word_1_119' title='bbox 474 2659 581 2701; x_wconf 87' lang='lat' dir='ltr'><strong>rerum</strong></span> <span class='ocrx_word' id='word_1_120' title='bbox 607 2633 883 2723; x_wconf 87' lang='lat' dir='ltr'><strong>admiramurejus</strong></span> <span class='ocrx_word' id='word_1_121' title='bbox 914 2638 1092 2723; x_wconf 84' lang='lat' dir='ltr'><strong>ingenium,</strong></span> 
     </span>
     <span class='ocr_line' id='line_1_20' title="bbox 168 2753 1171 2848; baseline 0 -25"><span class='ocrx_word' id='word_1_122' title='bbox 168 2754 257 2848; x_wconf 81' lang='lat' dir='ltr'><strong>quod</strong></span> <span class='ocrx_word' id='word_1_123' title='bbox 287 2754 400 2822; x_wconf 88' lang='lat' dir='ltr'><strong>multos</strong></span> <span class='ocrx_word' id='word_1_124' title='bbox 433 2779 529 2822; x_wconf 88' lang='lat' dir='ltr'><strong>annos</strong></span> <span class='ocrx_word' id='word_1_125' title='bbox 561 2753 698 2820; x_wconf 87' lang='lat' dir='ltr'><strong>illiberali</strong></span> <span class='ocrx_word' id='word_1_126' title='bbox 741 2753 883 2821; x_wconf 88' lang='lat' dir='ltr'><strong>doctrina</strong></span> <span class='ocrx_word' id='word_1_127' title='bbox 920 2757 1096 2841; x_wconf 86' lang='lat' dir='ltr'><strong>nutritum,</strong></span> <span class='ocrx_word' id='word_1_128' title='bbox 1169 2769 1171 2773; x_wconf 86' lang='lat'>&#39;</span> 
     </span>
     <span class='ocr_line' id='line_1_21' title="bbox 167 2873 1102 2966; baseline -0.006 -22"><span class='ocrx_word' id='word_1_129' title='bbox 167 2902 244 2944; x_wconf 89' lang='lat' dir='ltr'><strong>cum</strong></span> <span class='ocrx_word' id='word_1_130' title='bbox 271 2899 303 2942; x_wconf 90' lang='lat' dir='ltr'><strong>se</strong></span> <span class='ocrx_word' id='word_1_131' title='bbox 331 2878 433 2966; x_wconf 90' lang='lat' dir='ltr'><strong>ipsum</strong></span> <span class='ocrx_word' id='word_1_132' title='bbox 464 2873 634 2942; x_wconf 87' lang='lat' dir='ltr'><strong>vindicaret</strong></span> <span class='ocrx_word' id='word_1_133' title='bbox 665 2875 698 2940; x_wconf 91' lang='lat' dir='ltr'><strong>in</strong></span> <span class='ocrx_word' id='word_1_134' title='bbox 724 2874 929 2958; x_wconf 78' lang='lat' dir='ltr'><strong>libertatem,</strong></span> <span class='ocrx_word' id='word_1_135' title='bbox 954 2892 1023 2943; x_wconf 90' lang='lat' dir='ltr'><strong>tum</strong></span> <span class='ocrx_word' id='word_1_136' title='bbox 1054 2874 1102 2942; x_wconf 87' lang='lat' dir='ltr'><strong>ad.</strong></span> 
     </span>
     <span class='ocr_line' id='line_1_22' title="bbox 147 2992 1096 3087; baseline 0.004 -26"><span class='ocrx_word' id='word_1_137' title='bbox 147 3002 330 3082; x_wconf 73' lang='lat' dir='ltr'><strong>‘germanae</strong></span> <span class='ocrx_word' id='word_1_138' title='bbox 363 2993 576 3087; x_wconf 87' lang='lat' dir='ltr'><strong>philosophiae</strong></span> <span class='ocrx_word' id='word_1_139' title='bbox 605 2992 706 3060; x_wconf 90' lang='lat' dir='ltr'><strong>studia</strong></span> <span class='ocrx_word' id='word_1_140' title='bbox 743 2993 941 3061; x_wconf 89' lang='lat' dir='ltr'><strong>instauranda</strong></span> <span class='ocrx_word' id='word_1_141' title='bbox 973 2995 1096 3065; x_wconf 82' lang='lat' dir='ltr'><strong>valeret.</strong></span> 
     </span>
    </p>
   </div>
   <div class='ocr_carea' id='block_1_3' title="bbox 169 3111 1093 3218">
    <p class='ocr_par' dir='ltr' id='par_1_4' title="bbox 169 3111 1093 3218">
     <span class='ocr_line' id='line_1_23' title="bbox 169 3111 1093 3218; baseline -0.001 -37"><span class='ocrx_word' id='word_1_142' title='bbox 169 3113 294 3206; x_wconf 87' lang='lat' dir='ltr'><strong>Quodsi</strong></span> <span class='ocrx_word' id='word_1_143' title='bbox 312 3113 425 3180; x_wconf 81' lang='lat' dir='ltr'><strong>frustra</strong></span> <span class='ocrx_word' id='word_1_144' title='bbox 448 3111 532 3206; x_wconf 86' lang='lat' dir='ltr'><strong>apud</strong></span> <span class='ocrx_word' id='word_1_145' title='bbox 558 3137 629 3178; x_wconf 90' lang='lat' dir='ltr'><strong>eum</strong></span> <span class='ocrx_word' id='word_1_146' title='bbox 653 3112 795 3179; x_wconf 87' lang='lat' dir='ltr'><strong>sublimes</strong></span> <span class='ocrx_word' id='word_1_147' title='bbox 812 3113 877 3180; x_wconf 92' lang='lat' dir='ltr'><strong>illos</strong></span> <span class='ocrx_word' id='word_1_148' title='bbox 894 3113 976 3181; x_wconf 91' lang='lat' dir='ltr'><strong>locos</strong></span> <span class='ocrx_word' id='word_1_149' title='bbox 994 3139 1093 3218; x_wconf 85' lang='lat' dir='ltr'><strong>quae-</strong></span> 
     </span>
    </p>
   </div>
   <div class='ocr_carea' id='block_1_4' title="bbox 168 3231 1129 3806">
    <p class='ocr_par' dir='ltr' id='par_1_5' title="bbox 168 3231 1129 3806">
     <span class='ocr_line' id='line_1_24' title="bbox 168 3231 1095 3324; baseline -0.001 -23"><span class='ocrx_word' id='word_1_150' title='bbox 168 3257 237 3319; x_wconf 86' lang='lat' dir='ltr'><strong>ras,</strong></span> <span class='ocrx_word' id='word_1_151' title='bbox 268 3236 388 3324; x_wconf 86' lang='lat' dir='ltr'><strong>quihus</strong></span> <span class='ocrx_word' id='word_1_152' title='bbox 425 3231 659 3300; x_wconf 87' lang='lat' dir='ltr'><strong>commendatur</strong></span> <span class='ocrx_word' id='word_1_153' title='bbox 688 3232 842 3300; x_wconf 88' lang='lat' dir='ltr'><strong>Platonica</strong></span> <span class='ocrx_word' id='word_1_154' title='bbox 878 3234 1095 3324; x_wconf 81' lang='lat' dir='ltr'><strong>philosophia,</strong></span> 
     </span>
     <span class='ocr_line' id='line_1_25' title="bbox 169 3350 1129 3446; baseline -0.004 -26"><span class='ocrx_word' id='word_1_155' title='bbox 169 3353 301 3420; x_wconf 85' lang='lat' dir='ltr'><strong>maxime</strong></span> <span class='ocrx_word' id='word_1_156' title='bbox 322 3352 519 3446; x_wconf 86' lang='lat' dir='ltr'><strong>disciplinam</strong></span> <span class='ocrx_word' id='word_1_157' title='bbox 542 3350 581 3417; x_wconf 91' lang='lat' dir='ltr'><strong>de</strong></span> <span class='ocrx_word' id='word_1_158' title='bbox 604 3350 701 3435; x_wconf 88' lang='lat' dir='ltr'><strong>ideis,</strong></span> <span class='ocrx_word' id='word_1_159' title='bbox 723 3377 787 3420; x_wconf 93' lang='lat' dir='ltr'><strong>non</strong></span> <span class='ocrx_word' id='word_1_160' title='bbox 808 3355 966 3421; x_wconf 88' lang='lat' dir='ltr'><strong>miremur.</strong></span> <span class='ocrx_word' id='word_1_161' title='bbox 993 3355 1093 3422; x_wconf 83' lang='lat' dir='ltr'><strong>Nam·</strong></span> <span class='ocrx_word' id='word_1_162' title='bbox 1127 3410 1129 3416; x_wconf 74' lang='grc'><strong>,</strong></span> 
     </span>
     <span class='ocr_line' id='line_1_26' title="bbox 171 3471 1095 3567; baseline 0.001 -28"><span class='ocrx_word' id='word_1_163' title='bbox 171 3498 250 3567; x_wconf 89' lang='lat' dir='ltr'><strong>qne,</strong></span> <span class='ocrx_word' id='word_1_164' title='bbox 276 3490 312 3539; x_wconf 90' lang='lat' dir='ltr'><strong>ut</strong></span> <span class='ocrx_word' id='word_1_165' title='bbox 335 3473 418 3540; x_wconf 89' lang='lat' dir='ltr'><strong>hanc</strong></span> <span class='ocrx_word' id='word_1_166' title='bbox 440 3471 569 3565; x_wconf 86' lang='lat' dir='ltr'><strong>quidem</strong></span> <span class='ocrx_word' id='word_1_167' title='bbox 588 3472 738 3564; x_wconf 85' lang='lat' dir='ltr'><strong>perpauci</strong></span> <span class='ocrx_word' id='word_1_168' title='bbox 760 3474 844 3538; x_wconf 92' lang='lat' dir='ltr'><strong>omni</strong></span> <span class='ocrx_word' id='word_1_169' title='bbox 865 3488 960 3538; x_wconf 83' lang='lat' dir='ltr'><strong>aetate</strong></span> <span class='ocrx_word' id='word_1_170' title='bbox 986 3472 1095 3560; x_wconf 87' lang='lat' dir='ltr'><strong>suere,</strong></span> 
     </span>
     <span class='ocr_line' id='line_1_27' title="bbox 172 3591 1104 3686; baseline 0.001 -26"><span class='ocrx_word' id='word_1_171' title='bbox 172 3596 229 3686; x_wconf 84' lang='lat' dir='ltr'><strong>qui</strong></span> <span class='ocrx_word' id='word_1_172' title='bbox 250 3611 335 3662; x_wconf 90' lang='lat' dir='ltr'><strong>reete</strong></span> <span class='ocrx_word' id='word_1_173' title='bbox 358 3593 564 3680; x_wconf 85' lang='lat' dir='ltr'><strong>intelligerent</strong></span> <span class='ocrx_word' id='word_1_174' title='bbox 585 3616 772 3683; x_wconf 91' lang='lat' dir='ltr'><strong>omnemque</strong></span> <span class='ocrx_word' id='word_1_175' title='bbox 793 3593 858 3680; x_wconf 90' lang='lat' dir='ltr'><strong>ejus</strong></span> <span class='ocrx_word' id='word_1_176' title='bbox 878 3591 1104 3662; x_wconf 85' lang='lat' dir='ltr'><strong>sublimitatem</strong></span> 
     </span>
     <span class='ocr_line' id='line_1_28' title="bbox 172 3713 1096 3806; baseline 0.001 -25"><span class='ocrx_word' id='word_1_177' title='bbox 172 3732 428 3806; x_wconf 81' lang='lat' dir='ltr'><strong>assequerentur,</strong></span> <span class='ocrx_word' id='word_1_178' title='bbox 472 3714 514 3779; x_wconf 89' lang='lat' dir='ltr'><strong>ita</strong></span> <span class='ocrx_word' id='word_1_179' title='bbox 548 3713 719 3805; x_wconf 85' lang='lat' dir='ltr'><strong>plurimum</strong></span> <span class='ocrx_word' id='word_1_180' title='bbox 741 3736 779 3779; x_wconf 92' lang='lat' dir='ltr'><strong>eo</strong></span> <span class='ocrx_word' id='word_1_181' title='bbox 800 3714 952 3804; x_wconf 89' lang='lat' dir='ltr'><strong>praestitit</strong></span> <span class='ocrx_word' id='word_1_182' title='bbox 982 3713 1096 3801; x_wconf 90' lang='lat' dir='ltr'><strong>Philo,</strong></span> 
     </span>
    </p>
   </div>
   <div class='ocr_carea' id='block_1_5' title="bbox 206 3977 813 4052">
    <p class='ocr_par' dir='ltr' id='par_1_6' title="bbox 206 3977 813 4052">
     <span class='ocr_line' id='line_1_29' title="bbox 206 3977 813 4052; baseline -0.002 -21"><span class='ocrx_word' id='word_1_183' title='bbox 206 3978 234 4049; x_wconf 81' lang='lat'><strong>1)</strong></span> <span class='ocrx_word' id='word_1_184' title='bbox 252 3978 296 4037; x_wconf 67' lang='lat' dir='ltr'><strong>Cf.</strong></span> <span class='ocrx_word' id='word_1_185' title='bbox 314 3977 454 4045; x_wconf 80' lang='lat' dir='ltr'><strong>Bracker,</strong></span> <span class='ocrx_word' id='word_1_186' title='bbox 473 3986 494 4032; x_wconf 85' lang='lat' dir='ltr'><strong>t.</strong></span> <span class='ocrx_word' id='word_1_187' title='bbox 512 3977 536 4032; x_wconf 81' lang='lat'><strong>1.</strong></span> <span class='ocrx_word' id='word_1_188' title='bbox 553 3997 583 4047; x_wconf 84' lang='lat' dir='ltr'><strong>p·</strong></span> <span class='ocrx_word' id='word_1_189' title='bbox 599 3978 658 4052; x_wconf 70' lang='lat'><strong>775.</strong></span> <span class='ocrx_word' id='word_1_190' title='bbox 675 3997 736 4049; x_wconf 77' lang='lat' dir='ltr'><strong>sqq.</strong></span> <span class='ocrx_word' id='word_1_191' title='bbox 810 4013 813 4017; x_wconf 95' lang='lat'>-</span> 
     </span>
    </p>
   </div>
   <div class='ocr_carea' id='block_1_6' title="bbox 0 0 1281 4724">
    <p class='ocr_par' dir='ltr' id='par_1_7' title="bbox 0 0 1281 4724">
     <span class='ocr_line' id='line_1_30' title="bbox 0 0 1281 4724; baseline 0 0"><span class='ocrx_word' id='word_1_192' title='bbox 0 0 1281 4724; x_wconf 95' lang='lat' dir='ltr'><strong> </strong></span> 
     </span>
    </p>
   </div>
  </div>
 </body>
</html>
