2536 4724
593 411 658 507 ¹137
756 402 758 406 “

162 578 253 670 dire,
276 609 410 672 regnum
428 581 504 650 adeo
528 610 544 649 a
569 585 707 674 tyrannis
730 601 951 675 usurparetur,
975 588 1100 652 inventa

169 731 193 777 a¹
203 706 407 795 philosoplis
439 727 486 769 ars
521 721 584 786 est,
614 728 675 792 qua
698 704 842 769 concitati
872 703 905 767 in
927 705 1104 796 superbiam

164 812 277 916 populi
316 822 356 888 ad
394 823 550 890 meliorem
579 840 716 888 mentem
743 840 970 890 revocarentur.
1035 827 1110 891 Lea·

164 945 256 1032 glbus
291 954 356 1009 erat
383 967 482 1036 opus,
504 946 569 1008 sine
602 945 715 1034 quibus
736 945 865 1035 reprimi
884 946 950 1008 ista
968 945 1012 1010 vis
1041 971 1101 1010 au-

164 1061 272 1131 daciae
298 1089 363 1130 non
381 1079 522 1156 poterat3
548 1086 659 1152 easque
682 1065 738 1152 qui
771 1062 889 1128 seruent
903 1038 919 1146 ‚V
936 1087 975 1129 ex
996 1087 1104 1129 eorum

163 1207 300 1250 numero
336 1169 487 1266 fuerunt,
511 1183 624 1274 quibus
655 1198 720 1246 erat
746 1198 833 1248 antea
858 1180 1016 1250 voluntate
1039 1184 1123 1248 ob-·'

166 1319 388 1395 temperatum.

208 1421 368 1490 Credibile
399 1436 465 1504 est„
499 1418 560 1487 bae
593 1421 641 1486 via
679 1419 879 1488 Posidonium
907 1420 946 1487 ad
980 1423 1101 1488 eonsti-

169 1540 301 1609 tuendas
326 1542 486 1608 civitatum
507 1541 638 1606 rationes
659 1538 835 1625 devenisse,
864 1540 963 1632 idque
984 1541 1111 1626 gravis-.
1219 1536 1220 1539 ¹

162 1663 279 1730 simum
298 1686 413 1728 munus
447 1662 536 1728 omui
555 1684 593 1748 er
615 1676 702 1752 parte
718 1662 985 1750 philosophorum
1008 1662 1100 1746 inge·
1185 1662 1189 1672 '

167 1781 229 1846 niis
258 1805 293 1846 ac
327 1777 436 1845 studiis
469 1762 661 1870 explendum
699 1775 868 1842 tradidisse.
920 1757 1104 1843 Initruxisse
1175 1839 1178 1846 ,

164 1898 224 1968 bo's
250 1900 344 1986 igitur
365 1900 453 1965 'cives
486 1902 555 1964 suos
588 1897 676 1963 variis
701 1898 778 1963 vitae
810 1894 1018 1982 adjumentis,
1042 1920 1100 1962 ex-

166 2018 293 2088 coluisse
322 2019 444 2104 ingenia
475 2017 656 2106 artibusque
685 2017 830 2102 omnibus
860 2041 896 2081 ao
932 2013 1102 2107 disciplinis

162 2139 277 2205 sensim
297 2136 508 2229 paulatimque
529 2137 679 2202 ornavisse
692 2185 702 2215 ‚
713 2136 755 2201 ita
774 2151 811 2200 ut
825 2185 834 2217 ,
846 2136 970 2200 mutatis
992 2135 1100 2225 impe-

165 2259 220 2323 riis
231 2258 453 2346 moribusque,
475 2280 640 2345 nunquam
657 2256 802 2322 cessarint
818 2256 1005 2344 philosophi
1019 2279 1100 2347 pro·

165 2374 255 2443 desse
289 2377 471 2442 civitatibus.
513 2373 647 2440 Artium
683 2384 792 2440 autem
810 2349 1113 2465 generaquutuor·

166 2519 237 2564 esse
258 2499 362 2561 voluit
391 2472 587 2560 Posulouius
613 2493 661 2579 ¹),
685 2504 723 2558 ut
739 2485 854 2560 'esseut
879 2496 1036 2583 vulgares
1069 2504 1102 2559 et

165 2615 339 2698 sordidae,
362 2616 418 2679 uel
441 2611 608 2696 ludicrae,
629 2613 686 2695 uel
704 2616 879 2702 pueriles,
902 2615 957 2679 uel
976 2615 1100 2679 liberu-

168 2737 225 2802 Ies.
280 2734 310 2804 V
311 2736 448 2824 ulgures
478 2733 649 2821 oppioum,
680 2756 766 2820 quae
800 2756 901 2797 mauu
924 2743 1076 2798 uolutaui
1087 2706 1110 2815 ‚⁹

165 2866 201 2924 el
220 2856 270 2922 ad
289 2852 516 2921 instruendam
539 2857 641 2918 ullum
657 2862 834 2941 oemeputae
855 2863 950 2936 suut,
964 2856 1000 2917 iu
1021 2856 1099 2941 qui-

145 2977 226 3042 ,bus
254 2974 352 3050 nulla
373 2972 517 3056 dacaru,
552 2974 650 3037 nullu
683 2973 810 3037 honesti
840 2974 1007 3038 simulatio
1039 2983 1097 3041 esi.

166 3093 330 3162 ludicrae
349 3103 444 3174 suut,
466 3114 552 3179 quae
573 3091 621 3156 ud
641 3093 840 3180 voluptutem
855 3093 1021 3158 oculorum
1039 3102 1096 3159 ut-

168 3236 232 3304 que
263 3212 408 3279 aurium
430 3216 577 3280 tendunt.
621 3199 682 3276 His
703 3234 898 3295 uuuumeres
926 3213 1002 3276 lieet
1024 3234 1099 3276 mu-

167 3336 370 3418 alinatores,
394 3339 462 3423 ¹qui
486 3337 590 3399 uariis
614 3330 765 3419 artificiis
795 3334 1017 3418 imperitorum
1033 3331 1098 3416 fe-

167 3458 262 3520 riunt
277 3455 418 3533 oeulos,
443 3458 552 3520 omniu
576 3453 707 3533 subita,
729 3465 865 3538 'quorum
896 3472 1015 3516 causus
1042 3454 1099 3540 ig-

169 3584 308 3658 auant,
332 3578 531 3640 mirantium.
562 3569 714 3638 Pueriles
734 3579 813 3635 suut
834 3579 867 3635 et
886 3569 1017 3658 aliquid
1034 3549 1102 3636 ltu-¹

172 3693 282 3760 lentes
310 3695 499 3760 liberalibus
522 3694 651 3778 simile,
676 3692 739 3758 leue
762 3701 873 3778 artes,
895 3714 980 3780 quus
1012 3695 1102 3774 ἑγκυ·

205 3967 234 4038 ι)
252 3965 341 4036 Epist.
357 3969 403 4022 88·
