2536 4724
590 425 657 492 :tr-3

158 614 298 667 tuumne
312 589 535 690 'equummalis
546 619 588 661 an
603 591 707 663 iilius?
730 590 775 646 -'-·
795 594 896 679 iliius-5
918 596 1033 685 inquit·
1046 630 1091 645 -

162 712 291 810 Quidei
311 715 450 784 fundum
471 715 630 783 meliorem
642 714 785 798 habeut,
808 737 903 806 quum
919 728 964 781 'tu
979 712 1093 797 habes,

146 854 273 905 'utrum
296 834 427 902 taudem
455 832 593 902 fundum
615 833 731 900 habere
757 832 869 901 malis?
901 869 946 885 -
977 831 1092 907 Illum,

163 956 293 1046 inquit,
316 954 471 1021 meliorem
498 954 624 1020 scilieet.
646 990 691 1006 --
711 951 801 1044 Quid
826 953 855 1018 si
872 965 1001 1019 uxorem
1023 975 1093 1018 me-

161 1072 273 1142 liorem
302 1074 433 1158 habeat,
456 1097 551 1163 quam
578 1089 614 1138 tu
644 1071 759 1156 habes,
780 1063 886 1138 utram
914 1067 1027 1138 maiis?
1049 1107 1094 1122 -

163 1192 274 1284 Atque
306 1191 360 1260 hic
393 1192 576 1284 Xenophon
607 1215 735 1282 quoque
764 1191 830 1284 ipse
862 1192 968 1258 tacuit.
1021 1192 1096 1256 Post

162 1312 316 1404 Aspasiae
362 1312 511 1404 quoniam
542 1327 676 1402 uterque
708 1327 869 1396 vestrum,
902 1311 1026 1402 inquit,
1059 1307 1095 1375 id

163 1428 244 1497 mihi
263 1430 362 1498 solum
390 1430 663 1524 non-respondit,
685 1429 772 1520 quod
792 1455 849 1518 ego
862 1428 968 1498 -rolum
988 1427 1095 1496 audire

162 1549 341 1635 volueram,
383 1568 513 1638 egomet·
531 1550 655 1636 dicam,
698 1550 777 1642 quid
807 1567 940 1641 uterque
973 1550 1095 1647 eogitet.

163 1670 247 1738 Nam
273 1685 306 1736 et
336 1684 392 1755 tu,
435 1670 566 1756 mulier,
598 1673 755 1765 optimum
785 1672 888 1738 virum
920 1670 965 1738 via
991 1669 1103 1737 habe-¹

165 1810 222 1873 re-‚·
258 1805 292 1855 et
330 1805 386 1874 tu,
423 1782 626 1880 Xenophon}
669 1812 800 1858 uxorem
822 1788 938 1857 habere
966 1788 1096 1856 lectissi-

164 1930 249 1974 mam
266 1909 399 1975 maxime
429 1911 486 1978 vis.
527 1912 634 1998 Quare
662 1911 721 1976 nisi
739 1909 801 1978 hoe
821 1909 1034 2003 perseueritio,
1060 1925 1099 1975 ut

165 2046 272 2118 neque
304 2030 352 2096 vir
382 2029 514 2116 melior,
548 2053 653 2122 neque
679 2030 792 2096 semina
820 2022 1099 2097 lectior‘interrir
1128 2019 1130 2023 ’

164 2145 221 2230 ait,
248 2147 391 2238 profecto
417 2147 452 2214 id
479 2172 621 2243 semper,
655 2147 744 2240 quod
768 2150 924 2240 optimum
946 2146 1098 2239 putabitis

163 2286 249 2351 eree,
282 2267 383 2334 multo
408 2268 540 2335 maxime
565 2270 752 2360 requiretis,
776 2286 824 2350 tu,
849 2268 1035 2333 utmaritus
1057 2266 1099 2333 eir

164 2409 264 2482 quam
287 2388 439 2479 optimae,
462 2385 560 2470 haee,
582 2406 618 2455 ut
649 2413 744 2480 quam
767 2388 888 2480 optimo
908 2387 975 2453 viro
997 2400 1100 2478 nupta

122 2548 129 2563 ·
162 2505 216 2572 eit.
234 2542 281 2558 -
302 2508 371 2573 Hoe
388 2504 485 2574 modo
506 2509 655 2575 sermonis
673 2506 848 2601 plurimum
866 2506 1005 2574 Socrates
1025 2528 1100 2574 usur
1194 2543 1196 2546 ·

162 2641 230 2710 est,
264 2642 430 2719 propterea
459 2625 546 2718 quod
576 2625 658 2693 nihil
681 2628 748 2719 ipse
775 2627 883 2692 afferre
904 2622 944 2689 ad
965 2642 1100 2716 persnas

144 2734 308 2812 ¹deudum
332 2746 473 2831 volebat,
495 2744 549 2813 sed
577 2769 616 2813 ex
647 2767 704 2829 eo,
722 2728 814 2835 ‘quod
840 2742 899 2808 sibi
921 2741 972 2809 iile
995 2739 1095 2807 dede-

162 2872 232 2941 rat,
256 2857 386 2952 quicum
407 2855 606 2950 disputabat,
628 2854 748 2946 aliquid
771 2854 927 2922 conficere
945 2851 1096 2935 malebat,

164 2972 253 3068 quod
280 2977 331 3044 ille
351 3001 390 3042 ex
411 2999 467 3060 eo,
490 2973 577 3067 quod
600 2977 669 3063 jam
696 2974 906 3057 concessisset,
927 2971 1098 3039 necessario
1156 2947 1161 2951 ⁸

163 3099 339 3190 approbare
362 3094 499 3163 deberet.
533 3133 579 3148 ·-
611 3096 680 3162 Hoc
711 3117 807 3181 genus
839 3088 1095 3179 argumentandi,

146 3215 254 3308 ¹quod
282 3240 342 3310 per
370 3214 586 3283 inductionem
617 3215 770 3298 sumitur,
802 3206 935 3280 maxime
955 3210 1096 3279 Socrates

163 3351 197 3404 ot
216 3335 368 3404 Socratici
387 3348 620 3427 pertractarunt
640 3333 661 3363 ’²
680 3331 721 3400 ι).
773 3308 775 3312 ⁴
988 3339 990 3343 ’

170 3499 458 3524 W

174 3593 228 3662 ι)
249 3591 293 3643 Do
311 3593 370 3652 lov.
390 3591 414 3643 1.
430 3608 455 3641 e.
473 3589 515 3641 dr.
534 3585 576 3638 35.
605 3582 718 3655 Quinct.
738 3581 806 3634 luet.
826 3580 878 3634 Or.
908 3580 928 3631 l.
946 3576 984 3631 V·
1009 3595 1034 3630 c·
1052 3590 1097 3633 u·

165 3688 209 3743 Do
228 3690 342 3754 valler,
359 3691 387 3740 iu
400 3691 522 3741 accurata
533 3687 650 3756 Disp.de
672 3685 749 3734 Socr-
768 3677 906 3749 ἐπαγωγῇ
923 3695 950 3744 p.
963 3674 1021 3729 115.
1034 3683 1096 3744 sqq.

165 3779 286 3834 Videtur
306 3780 405 3834 Cicero
418 3779 528 3831 eeneiree
551 3775 660 3845 quidem
677 3778 750 3825 'recte
772 3771 840 3822 haue
854 3767 1020 3827 Socraticam
1035 3783 1097 3820 me-

164 3871 297 3934 thodum,
316 3871 364 3923 red
384 3871 472 3922 minus
492 3874 565 3918 reete
581 3865 693 3927 facim,
721 3860 796 3931 quod
815 3859 890 3912 illam
908 3858 944 3910 ad
962 3856 1029 3910 artie
1047 3873 1096 3908 re-

165 3963 253 4032 gulam
271 3960 437 4031 rdrtriugere
452 3952 544 4018 vellet.
578 3954 648 4011 run
668 3959 809 4023 praecepta
826 3949 891 4016 illa,
920 3965 988 4019 quea
1009 3965 1034 4003 e.
1050 3945 1096 4003 320
