2536 4724
597 408 665 474 '152

166 608 269 676 quum
294 582 335 651 de
360 582 524 657 'dialectiea
550 603 661 669 agens,
696 577 893 668 dives-saulae
920 566 1090 644 Soandos·

166 724 239 768 rum
259 719 291 768 et
308 702 583 794 Petipatetieorum
610 699 742 764 sationes
764 694 936 779 exhibens,
959 695 1039 787 petit
1057 714 1090 760 ex

168 819 325 898 Aeschine
345 820 501 888 Socratico
527 820 700 884 samonem
720 814 869 908 Aspasiae
893 838 968 881 etam
990 813 1090 881 Xeno·

168 940 290 1034 phonte
311 940 470 1030 hujusque
494 960 588 1004 uxore
619 935 763 1001 habitum
791 933 830 999 ι).
882 933 992 1030 Quem
1020 952 1088 998 ate

168 1081 351 1127 conversum
371 1056 476 1124 locum
508 1057 550 1121 ita
576 1055 746 1147 puoponit,
778 1069 814 1116 ut
839 1051 982 1142 quamvis
1005 1073 1041 1116 ex
1057 1070 1088 1116 ο)

170 1192 234 1243 tota
256 1178 302 1243 vis
325 1185 492 1260 ἐπαγωγῆς
528 1174 701 1242 Socraticae
733 1195 800 1238 non
831 1186 968 1263 puteat,¹
1003 1186 1090 1238 tamen

170 1292 324 1378 declaret,
359 1293 407 1363 vel
439 1291 498 1360 hae
518 1307 612 1358 aetate
636 1290 792 1384 hospitem
821 1312 854 1354 se
882 1289 919 1353 in
945 1290 993 1355 iis'
1009 1289 1088 1355 rebus

170 1437 236 1480 non
260 1413 362 1480 faisse.
405 1414 512 1502 Quare
545 1427 645 1479 totum
665 1430 856 1503 apponamus
878 1408 1005 1492 locum,
1035 1428 1090 1500 qut

171 1532 265 1618 magis
292 1533 326 1596 in
346 1555 385 1600 eo
404 1531 575 1618 elegantem
606 1529 812 1600 Aeschinem·
829 1529 976 1596 orationis
994 1529 1088 1598 ,intes

172 1667 295 1744 pretem
318 1674 524 1737 agnoscamus.
569 1675 591 1717 »
612 1649 780 1733 inductio,
802 1649 1003 1738 inquit,.est
1029 1670 1088 1715 ou-

165 1770 234 1867 ll⁰⁹
257 1794 337 1860 quae
358 1772 451 1837 rebus
472 1793 537 1836 non
558 1767 664 1837 dubiis
683 1782 788 1861 captat
809 1768 996 1834 assensiones
1006 1768 1089 1855 ejus,

171 1890 303 1980 quicum
335 1891 474 1958 instituta
506 1906 571 1957 esta
618 1888 734 1980 quibu
764 1888 989 1955 assensionibus
1009 1885 1089 1969 fauit,

171 2023 208 2074 ut
238 2007 282 2074 illi
310 2006 405 2075 dubis
434 2006 590 2101 quaedum¹
614 2031 683 2091 ros,
715 2023 847 2100 propter
870 2003 1092 2073 similitudino

170 2149 413 2214 assumseram,
437 2128 552 2216 quihus
570 2127 900 2218 assensit,ps0betur:
924 2116 1090 2215 velutapud

169 2245 366 2313 Sooauticum
374 2244 562 2314 Aeschinem
575 2242 765 2311 demonsnat
777 2244 935 2328 Socrates,
949 2267 1022 2310 eum
1031 2243 1091 2311 Xe·

170 2361 345 2455 nophontis
365 2387 460 2431 uxore
482 2380 607 2432 etcum
624 2366 693 2454 ipso
714 2362 927 2453 Xenophonte
944 2361 1092 2457 Aspasisn

170 2481 315 2553 locutam.
368 2484 427 2551 Dio
456 2483 553 2568 mihi,
585 2508 717 2574 quaeso,
749 2482 970 2575 Xenophontis
1004 2502 1114 2561 mets

171 2604 197 2669 si
217 2604 318 2672 vicina
336 2618 388 2670 tua
406 2603 513 2670 melius
533 2603 646 2670 habeat
662 2627 791 2687 amum,
815 2626 912 2692 quam
932 2617 969 2668 tn
988 2599 1090 2675 hate,

173 2739 281 2790 utrum
301 2721 381 2789 illius
405 2748 446 2789 un
467 2740 556 2792 tuum
577 2722 688 2790 malis?
723 2759 768 2774 --
797 2720 898 2807 Illius,
920 2720 1037 2810 inquit.
1054 2748 1091 2770 -·

172 2839 263 2929 Quid
292 2843 318 2906 si
350 2858 465 2910 vestem
499 2861 531 2910 et
564 2859 702 2912 ceterum
737 2856 883 2909 ornatum
921 2838 1092 2907 muliebrem

170 2961 265 3052 pretii
291 2963 415 3048 majoris
437 2961 572 3048 haheat,
594 2986 692 3051 quam
713 2977 748 3027 tu
771 2961 889 3045 habes,
912 2975 1042 3026 tuumne
1058 2979 1092 3024 au

170 3079 250 3146 illius
279 3079 392 3148 malis?
415 3113 457 3136 -a
480 3081 585 3167 Illius,
608 3078 778 3172 respondit.
800 3116 845 3131 -
867 3077 936 3166 Age
961 3086 1051 3152 iero,
1071 3072 1113 3141 si‘

170 3203 273 3273 virum
293 3200 345 3266 illa
364 3201 523 3268 meliorem
543 3201 670 3286 haheat,
692 3224 788 3290 quam
804 3215 839 3265 tu
861 3197 977 3281 habes,
997 3213 1093 3263 utrum

172 3336 261 3386 tuum
284 3320 368 3386 malis
388 3346 428 3386 an
453 3319 560 3387 illius?
584 3358 630 3374 -
650 3321 710 3386 Hie
734 3317 845 3385 mulier
867 3317 1005 3384 erubuit.
1033 3314 1092 3384 As-

171 3443 253 3531 posia
281 3457 384 3507 sutem
411 3465 485 3508 cum
515 3441 583 3530 ipso
607 3438 820 3531 Xenophonte
849 3460 1024 3504 sexmonem
1044 3434 1091 3499 in-

173 3559 280 3624 stituit.
347 3561 489 3647 Quaeso,
527 3560 653 3650 inquit,
691 3557 894 3651 Xenophon,
926 3558 952 3622 si
980 3553 1093 3624 uicinus

174 3692 243 3741 tuus
279 3701 399 3768 equum
435 3677 593 3746 meliorem
617 3678 761 3762 'haheat,
807 3702 902 3768 quam
919 3693 1004 3743 (tuus
1035 3685 1092 3752 est,

206 3943 232 4011 ι)
255 3940 296 3993 De
315 3942 374 3994 lnv.
394 3942 416 3995 1.
436 3923 477 3994 31.
497 3941 540 3995 55.
