2536 4724
600 394 660 459 120

167 564 275 631 Cicero
295 586 360 630 non
376 564 474 632 solum
492 581 618 656 postea,
653 588 754 656 quum
786 572 892 632 contra
922 566 1095 658 Epicureos

166 683 299 749 scribere
331 685 524 767 institueret,¹
555 708 664 750 verum
684 685 774 750 etiam
789 732 800 768 ,
816 706 871 751 ex
894 708 962 773 qno
985 684 1094 753 Philo-

168 825 241 867 nem
283 804 446 888 cognovit,
483 801 522 868 de
562 805 715 895 Epicurea
757 800 899 870 doctrina
939 804 1096 869 existima·

169 921 235 1002 vit,
270 921 385 987 mirum
408 922 498 986 nobis
530 919 643 987 accidit
670 921 859 1006 legentibus,
892 922 928 986 in
960 920 1095 988 Lucretii

168 1057 307 1129 poemate
337 1040 377 1105 de
411 1049 536 1105 natura
568 1064 677 1105 rernm
707 1037 893 1107 absolvendo
923 1063 997 1105 eum
1032 1038 1093 1105 cla·

170 1157 290 1223 borasse
320 1158 357 1220 ι).
422 1157 517 1221 Nam·
544 1155 584 1221 de
623 1159 778 1249 Epicmeo
806 1161 957 1241 Patrone,
1004 1182 1097 1248 quem

170 1273 327 1341 audiverat
362 1276 476 1341 Romae
516 1273 786 1361 adolescentulus,
829 1278 870 1342 ita
908 1278 1022 1343 scribit
1050 1277 1095 1345 ῆι

169 1420 193 1465 a>
215 1395 298 1461 Cum
325 1396 457 1461 Patrone
485 1394 564 1461 mihi
590 1398 690 1461 omnia
714 1411 814 1479 eunt,
856 1396 914 1460 nisi
942 1392 1035 1488 quod
1067 1395 1098 1459 in

170 1511 364 1605 philosophia
399 1513 596 1595 vehementer
626 1516 665 1580 ab
700 1539 738 1582 eo
764 1513 921 1583 dissentio.
952 1550 1001 1566 -
1030 1516 1097 1582 To-

173 1649 237 1698 tam
256 1632 390 1700 hominis
410 1635 504 1701 vitam
527 1637 761 1724 rationemque,
784 1656 878 1724 quam
905 1634 1050 1724 sequitur
1068 1634 1101 1699 in

173 1750 389 1843 philosophia,
424 1751 614 1821 derideamus
643 1754 735 1838 licet,
767 1756 794 1819 si
823 1753 906 1821 hanc
928 1757 998 1842 ejus
1026 1777 1101 1822 oon·

175 1874 344 1939 tentionem
366 1871 506 1941 volumus
534 1871 871 1965 reprehenderes-aed
898 1870 942 1937 illi
976 1872 1102 1941 ceteris-

176 2014 254 2080 que,
278 2016 354 2081 quos
373 1991 423 2057 illa
443 1991 614 2075 delectant,
637 2016 702 2059 non
720 1989 807 2058 vaide
826 1991 946 2069 inimici
965 1990 1102 2057 sumne.”

173 2111 257 2178 Haec
281 2127 460 2200 reputantes
487 2127 519 2176 et
554 2111 832 2197 ceteragraviora,
866 2111 919 2177 vix
943 2132 1105 2202 possumne

173 2226 308 2311 adduci,
331 2244 377 2293 ut·
396 2227 577 2312 credamus,
610 2230 792 2296 Ciceronem
813 2253 847 2294 ea
874 2228 986 2318 placita
1015 2254 1105 2309 eom·

177 2344 325 2413 mendam
363 2347 513 2431 voluisse,
557 2370 636 2438 quae
664 2348 728 2441 ipse
762 2348 884 2414 maturi
914 2365 1031 2434 aetate,
1072 2349 1105 2415 in

179 2462 265 2553 quod
299 2481 422 2558 tempus
445 2467 524 2533 illius
555 2467 709 2535 confectio
741 2470 841 2561 operia
870 2467 1005 2554 incidit,
1044 2484 1108 2539 tam

180 2583 381 2651 vehementer
402 2586 597 2676 improbavit.

134 2763 137 2768 .
220 2694 330 2770 Cicero
352 2705 463 2790 igitur,
485 2722 651 2797 postquam
677 2705 788 2773 multoe
808 2703 968 2773 audiverat
994 2729 1053 2774 suo
1071 2707 1106 2773 in

177 2842 287 2904 genere
320 2822 501 2889 excellentes
525 2825 627 2908 viros,
650 2848 715 2892 non
738 2824 836 2891 solum
857 2822 979 2892 doctior
1001 2823 1105 2893 Athe-

176 2942 224 3005 nis
257 2956 351 3031 atque
389 2939 556 3026 eruditior,
588 2966 695 3010 verum
724 2944 816 3010 etiam
845 2944 1039 3027 exercitatior
1066 2941 1107 3010 ad

180 3056 350 3147 dicendum
369 3059 584 3152 agendumque
607 3061 765 3154 profectus
782 3078 838 3129 est.
881 3061 1107 3154 Quaerendum

214 3293 240 3356 ι)
261 3290 371 3341 Eusebii
389 3289 551 3342 Chronicon.
569 3290 650 3343 Vera.
668 3291 779 3343 Hieron.
797 3291 896 3357 p.15o.
913 3317 944 3332 -·
961 3288 1109 3342 FocitLu-

182 3378 260 3429 cretii
277 3380 366 3445 operis
393 3383 552 3432 mentionem
570 3381 666 3433 Cicero
683 3384 711 3430 in
730 3381 782 3446 Ep.
800 3380 833 3430 ad
850 3379 886 3449 Q.
904 3379 952 3431 Fr.
970 3379 989 3433 l.
1009 3380 1049 3433 ll.
1068 3395 1107 3431 u.

182 3468 309 3519 Lucretii
316 3479 468 3536 poemata,
488 3479 521 3520 ut
530 3469 648 3532 scribi-r,
668 3471 710 3520 ita
719 3479 800 3521 aunt:
817 3486 871 3520 non
882 3469 980 3521 multis
989 3468 1107 3520 lumini-

179 3554 231 3604 bus
247 3556 370 3622 ingenii,
390 3559 494 3610 multae
510 3568 602 3610 tamen
620 3561 702 3610 artis.
721 3586 750 3599 -
769 3558 820 3610 Gff.
839 3558 984 3611 Corradus·
1002 3575 1032 3624 p.
1047 3554 1104 3627 275·

183 3640 352 3696 Tiraboschi.
383 3647 437 3712 Op.
466 3647 485 3698 l.
506 3646 849 3702 t.l.1’.111.1.111.3.
878 3647 1042 3701 Gentierde
1059 3644 1105 3698 Si·

181 3731 252 3781 hert.
280 3731 335 3798 Op.
360 3732 380 3784 Ι.
407 3734 501 3802 (Mem.
519 3738 552 3787 de
570 3735 680 3788 I’Acnd.
699 3737 746 3787 dea
764 3739 834 3791 lnec.
853 3745 876 3790 t.
894 3737 1014 3801 xL1.p.
1032 3732 1100 3805 478.)

180 3818 344 3873 Fuhrmann.
363 3821 418 3890 Op.
435 3823 455 3877 Ι.
473 3832 494 3876 t.
513 3825 567 3877 ΙΙΙ.
584 3843 613 3892 p.
634 3825 693 3879 156.
715 3825 873 3881 Midd1.11.
894 3843 924 3896 p·
941 3826 1002 3897 409.
1029 3820 1096 3878 Bit:

177 3925 209 3977 p.
227 3908 284 3980 137.
352 3913 380 3983 ι)
400 3912 452 3981 Ep.
469 3913 502 3967 ad
521 3912 593 3967 Fam.
612 3915 631 3967 l.
649 3915 734 3969 xm.
754 3932 780 3969 ι.
