2536 4724
617 357 679 427 tte

168 548 231 598 tam
258 534 293 598 iu
324 533 431 622 primis
463 502 671 620 idoneamque
700 526 863 618 judicavit.
910 529 1018 597 luem
1041 529 1099 623 ipsi

168 653 281 721 naturis
314 649 467 740 ejusmodi
491 649 630 718 ducendi
652 647 920 739 cognoscendique
941 646 1102 734 studium,

105 750 107 757 ,
167 791 205 842 ut
229 774 325 840 nullas
349 790 428 840 artes
462 787 674 840 contemneret
695 772 830 857 ingenuo
848 767 980 856 dignas,
1002 789 1101 835 omues

166 893 304 961 excolere
317 894 386 985 pari
397 890 549 959 industria
560 907 654 981 atque
666 887 777 965 ardore
795 889 959 955 niteretur.
983 889 1101 971 reulus·

173 1042 219 1093 νος
236 1020 298 1098 γὰρ
326 1015 381 1090 οἷος
402 1017 591 1098 ἀσπάζεσθαι
612 1018 674 1081 πᾶν
692 1012 842 1092 μάθημα,
863 1011 914 1078 καὶ
946 1011 1038 1091 μηδὲν
1056 1006 1099 1074 td·

170 1159 247 1215 you,
268 1136 489 1215 antevertam
510 1131 669 1214 ἀτιμάζειν
696 1124 796 1206 εἶδος,
817 1129 896 1213 ε’ῤῥύη
920 1151 985 1200 πως
1006 1126 1099 1208 reolo·

169 1253 290 1334 μότερον
305 1253 353 1318 ἐπὶ
380 1251 544 1327 ποιητικήν.
588 1235 799 1310 Astronomiae
820 1237 985 1322 studium,
1021 1233 1097 1331 quod

169 1365 250 1431 ruris
274 1365 427 1430 excitabat
448 1364 633 1447 amoenitas,
655 1363 739 1453 cepit
754 1385 793 1427 ex
814 1360 862 1426 his
874 1359 1006 1452 poeticis
1027 1357 1097 1424 lmi-
1134 1422 1137 1429 .

171 1483 230 1549 bus
262 1483 462 1550 incrementa.
517 1480 639 1548 Deinde
668 1497 836 1574 postquam
865 1503 951 1544 erma
979 1491 1098 1544 tractare

169 1602 367 1686 instituerat,
381 1600 469 1668 dedit
478 1603 546 1690 juri
558 1601 640 1668 civili
651 1625 777 1693 operam
788 1649 798 1685 ,
808 1656 811 1660 a
820 1615 985 1666 auctorum
1005 1599 1099 1665 Gue-

172 1735 281 1788 eorum
300 1723 416 1814 scripta
439 1748 474 1788 ac
496 1723 681 1788 Latinorum
699 1717 819 1786 assiduis
832 1719 971 1786 versabat
992 1741 1097 1798 manu,

171 1857 266 1931 atque
293 1840 341 1906 his
364 1841 533 1909 delectatus
545 1843 744 1931 nutritusque
762 1838 929 1931 exemplis,
964 1835 1096 1905 incredi-

175 1961 232 2028 bili
251 1963 420 2029 coueitatus
438 1960 570 2045 ardore,
592 1959 633 2027 ad
652 1959 881 2053 philosophiam
897 1975 930 2025 et
952 1958 1096 2050 eloquen-

175 2080 251 2146 tiam
275 2104 307 2145 se
335 2081 509 2173 applicuit3
534 2083 569 2146 in
590 2106 726 2171 quarum
755 2078 908 2173 deinceps
937 2077 1046 2145 studiis
1062 2076 1097 2143 ita

173 2218 307 2269 versatus
333 2218 398 2286 est,
420 2218 456 2267 ut
473 2199 596 2288 legendi
617 2199 910 2292 commentandique
944 2223 1096 2294 nunquam

173 2321 348 2386 intermissi
383 2318 628 2403 consuetudine,
652 2345 726 2387 cum
744 2321 1016 2388 exercitationibus
1036 2345 1097 2388 ote·

176 2440 260 2506 toriis
280 2463 403 2531 usuque
432 2439 494 2506 fori
514 2439 641 2506 aliarum
676 2441 789 2506 artium
817 2442 1019 2528 conjunxerit
1039 2437 1096 2505 dis·

105 2546 108 2550 *
177 2558 332 2652 eiplinam.
375 2562 485 2651 Itaque
514 2561 550 2625 in
582 2559 824 2644 mathematicis,
856 2562 891 2626 in
912 2559 1097 2644 musicis‚in

176 2681 339 2765 geometria
364 2681 542 2765 institutus,
565 2678 744 2773 disciplinae
763 2682 906 2748 varietate
930 2683 1097 2773 acquisitam

178 2797 352 2865 doctrinam
385 2800 541 2892 perpolite
571 2817 603 2866 et
631 2825 844 2870 consummare
874 2799 1019 2886 studuit,
1037 2821 1096 2866 sus·

179 2920 325 3012 cepitque
357 2920 392 2985 in
431 2922 594 2988 Graeciam
623 2936 654 2986 et
683 2921 790 2988 Asiam
816 2945 917 2986 unum
947 2922 983 2987 in
1005 2917 1097 3014 paucis

180 3040 311 3104 maxime
330 3039 526 3106 memorabile
545 3042 613 3107 iter.

224 3160 266 3224 Et
288 3183 360 3225 vero
383 3160 493 3226 Cicero
506 3161 540 3224 in
562 3159 624 3226 hoc
648 3157 823 3226 studiorum
842 3183 972 3226 suorum
996 3178 1095 3235 cursu,

181 3278 220 3344 ad
249 3305 328 3371 qtrae
347 3280 532 3372 philosopha
564 3305 637 3346 eum
660 3277 778 3346 indoles
797 3280 958 3371 rapiebat,
981 3273 1096 3364 egregbt

180 3397 292 3464 habuit
333 3398 512 3490 disciplinae
542 3401 819 3487 magistrorumque
854 3398 1096 3490 opportunitates·

182 3518 258 3603 Ejus
292 3519 377 3584 enim
402 3518 526 3584 felicitas
551 3519 723 3604 juventutis
753 3517 833 3598 fuit,
858 3514 945 3606 quod
965 3539 1030 3582 non
1052 3532 1095 3576 so-

181 3633 247 3698 lum
274 3639 384 3703 Crasso
407 3654 438 3701 et
464 3637 625 3720 Antonio,
646 3636 847 3702 liberalissimi
875 3635 992 3723 ingenii
1019 3629 1096 3707 visit,

182 3754 309 3844 puerilis
334 3757 487 3823 institutio
520 3759 805 3839 committebaturp
825 3755 881 3823 sed
912 3757 1002 3823 etiam
1024 3744 1098 3844 quod

185 3876 296 3945 aurumi
324 3878 443 3970 quique
464 3901 482 3942 e
507 3880 635 3945 Graecia
658 3877 821 3961 doctores,
844 3880 974 3948 Romam
995 3890 1097 3968 pelen·
