2536 4724
619 382 662 450 92

173 553 215 621 ad
240 575 320 647 quae
341 551 469 641 legenda
486 570 517 619 et
537 551 770 644 interpretanda
799 578 864 623 non
882 558 989 635 minus
1010 561 1103 652 ipsius

67 742 72 752 ,
175 672 457 759 eumstudium,et
477 672 609 742 alacritas
629 674 850 766 animi,quam
866 678 1006 765 magistri
1024 703 1100 748 con.

173 793 237 861 silia
263 792 459 882 adjuvabant.
505 795 639 879 Legebat
659 809 690 858 et
710 796 977 862 commentabatur
1009 821 1098 885 eum,

173 930 379 1006 tempusque,
406 910 492 1004 quod
513 910 677 980 tractandis
698 912 824 1004 reliquis
844 916 1051 1006 scriptoribus
1068 933 1098 984 et

171 1035 342 1101 oratoribus
364 1033 489 1101 Graecis
509 1049 579 1098 ante
602 1049 832 1115 consumserat,
854 1033 985 1107 utiliter,
997 1051 1096 1103 trans·

171 1170 276 1220 actum
304 1152 363 1216 sibi
384 1152 536 1244 putabat,
572 1150 658 1243 quod
680 1167 711 1217 et
732 1150 856 1219 celerius
887 1153 1049 1242 arripere,
1068 1169 1097 1222 et

171 1270 339 1357 intelligere
358 1269 539 1362 praeclarius
572 1269 756 1362 pleniusque
777 1270 889 1335 sentire
908 1272 1024 1337 summi
1043 1271 1098 1339 viri

171 1391 207 1456 in
227 1387 392 1456 scribendo
419 1387 642 1478 cogitandoque
661 1386 747 1455 dotes
774 1386 966 1454 admirabiles
989 1404 1096 1482 posset.

171 1509 284 1600 Neque
312 1509 448 1588 mirum,
479 1505 621 1574 vertendi
650 1532 723 1574 eum
756 1507 1025 1576 exercitationibus
1039 1532 1096 1585 se·

171 1627 278 1696 dulam
297 1626 401 1694 denuo
422 1651 547 1721 operam
573 1625 716 1712 dedisse,
739 1628 853 1720 quibus
874 1625 937 1695 boc
956 1629 1098 1722 sperabat

171 1772 204 1816 se
234 1764 495 1832 consecuturum,
517 1763 553 1813 ut
575 1763 638 1814 tam
657 1746 697 1814 ad
720 1747 935 1840 philosophiae
966 1749 1096 1816 interio-

169 1896 238 1941 rem
261 1871 486 1957 cognitionem,
522 1893 615 1958 quam
643 1864 683 1932 ad
711 1865 949 1959 percipiendam
976 1867 1097 1936 Atticae

171 1990 313 2062 dictionis
335 1991 476 2080 copiam,
507 1989 702 2069 ubertatem,
736 1984 977 2076 elegantiamque
1009 1987 1094 2054 citius

170 2110 347 2205 proficebat.
369 2109 517 2201 Superest
534 2107 679 2173 versionis
700 2107 868 2189 memoria,
890 2105 1095 2198 Protagorae

99 2292 103 2303 2
170 2229 321 2311 Platonis,
347 2249 428 2315 quae
446 2224 603 2310 legebatur
626 2225 773 2291 Prisciani
793 2250 831 2290 ac
851 2227 965 2292 Donati
985 2241 1094 2311 aetate,

167 2370 256 2414 nunc
278 2368 351 2412 vero
374 2359 496 2436 praeter
519 2368 618 2434 pauca
642 2342 810 2430 fragmenta
832 2359 896 2410 tota
920 2344 1040 2439 interiit
1055 2345 1091 2415 ιΙ.

168 2465 237 2534 Nec
264 2463 396 2530 dubium
422 2479 491 2546 est,
532 2463 610 2555 quin
643 2462 714 2530 alios
743 2462 874 2550 dialogos
906 2463 967 2532 hac
1002 2451 1092 2534 aetate

168 2586 313 2667 verterit,
337 2584 394 2673 qui
417 2581 493 2648 editi
516 2585 554 2648 ab
577 2605 613 2648 eo
643 2607 807 2675 nunquam
835 2582 976 2652 fuerunt.
1007 2586 1091 2676 Quin

168 2705 261 2770 etiam
294 2719 407 2770 ceteros
440 2702 608 2783 Socraticos
636 2700 755 2791 legebat
781 2719 813 2768 et
837 2703 1092 2795 interpretabatur

205 2930 232 2998 ι)
253 2929 421 2994 Priscianus,
441 2933 460 2982 Ι.
478 2931 515 2985 V.
541 2951 564 2984 c.
583 2951 625 2986 ιι.
652 2931 704 2986 Vl.
723 2949 764 2988 ιι.
796 2932 1090 3003 v111.7.'1)0natar.

170 3021 199 3074 in
224 3025 333 3074 Terent.
358 3023 471 3074 Pborm.
501 3026 563 3074 Act.
583 3023 634 3075 lV.
653 3024 698 3077 Sc.
718 3025 773 3077 ΙΙΙ.
791 3044 816 3077 v.
834 3029 859 3080 6.
895 3025 1091 3096 Hieronymus,

171 3113 268 3182 Epist.
297 3113 335 3162 ad
356 3113 516 3164 Pammaclr.
540 3131 567 3178 p.
585 3114 644 3183 724.
680 3118 778 3186 Proef.
802 3117 837 3166 in>
854 3118 1091 3179 homuncium,

169 3217 197 3267 p.
215 3199 274 3269 744.
301 3201 394 3270 Epist.
412 3200 450 3249 ad
467 3201 581 3250 Sunium
597 3210 625 3250 et
643 3202 813 3264 Fratellam,
832 3219 860 3268 p.
878 3201 938 3255 815.
956 3202 992 3256 L.
1024 3209 1092 3256 Are·

170 3289 222 3341 riui
239 3291 333 3352 Epist.
352 3287 372 3339 l.
389 3286 412 3339 1.
432 3287 463 3338 13
490 3285 558 3340 Vll.
575 3287 602 3341 4.
619 3289 774 3352 Corradus,
794 3309 822 3355 p.
837 3290 896 3344 254.
924 3319 955 3334 ·-
985 3291 1094 3363 Quincl.

62 3366 67 3375 .
171 3380 246 3430 Inst.
266 3381 345 3430 Orat.
372 3375 392 3427 Ι.
410 3377 447 3427 Χ.
464 3395 488 3428 c.
504 3376 531 3429 5.
567 3379 662 3429 Cicero
679 3378 765 3429 libros
781 3380 917 3431 Platonis
934 3391 1021 3452 atque
1038 3385 1095 3436 xe·-

170 3467 318 3535 uopltontis
334 3466 421 3516 edidit
437 3466 488 3516 hoc
501 3484 602 3536 genere
618 3465 784 3519 translatos.
802 3468 846 3518 Cf.
869 3466 978 3520 bubuli.
997 3471 1092 3542 Pracs.

171 3555 209 3605 ad
223 3556 366 3607 Rutilium
382 3557 506 3623 Lupum,
538 3553 654 3622 (opusc.
670 3559 703 3608 Ι.
722 3554 745 3607 Ι.
762 3573 789 3619 p.
807 3555 882 3624 300).
906 3583 936 3595 —
964 3558 995 3610 Ρ.
1026 3557 1096 3611 vte-

170 3643 272 3705 torius,
308 3645 377 3694 Var.
404 3645 481 3695 Dect.
508 3641 529 3695 l.
553 3641 576 3694 1.
600 3659 625 3694 c.
644 3659 685 3712 ¹7·
713 3642 734 3695 Ι.
751 3643 836 3695 xlx.
867 3662 889 3700 c.
908 3665 934 3716 9.
970 3647 1092 3715 Sigonii,

175 3730 289 3783 Scholia
313 3733 343 3782 in
368 3733 482 3800 Fragm.
513 3733 568 3782 (lic.
593 3749 621 3798 p.
637 3730 681 3783 55.
710 3733 745 3785 Α.
763 3733 911 3801 Patricius,
931 3738 968 3788 ad
987 3740 1092 3807 Fragm-

172 3820 229 3871 θέο.
246 3817 335 3885 pabo.
352 3819 412 3875 130.
430 3818 510 3869 Fahr.
527 3821 598 3870 Vita
618 3823 672 3874 Cic.
687 3822 755 3896 545.
773 3822 915 3892 Nobbiua,
935 3826 973 3879 od
982 3829 1090 3895 Fragm·

173 3908 231 3961 cic.
247 3906 299 3962 Ed.
317 3907 404 3963 Oratt.
423 3913 443 3960 Ι.
462 3905 560 3976 1V.p.
578 3908 639 3981 477.
