2536 4724
615 388 675 455 lta

173 577 299 652 tamque
343 559 489 627 Asiaticae
527 559 718 650 eloquentiae
753 577 786 627 et
824 559 959 632 sormam
990 580 1025 631 et
1052 589 1102 634 ra·

174 655 311 746 rietatem
339 676 604 772 comprehendere
625 696 656 746 et
683 681 716 746 in
742 703 811 748 suos
835 705 908 749 usus
927 706 1100 753 accommo-

171 795 245 864 dare
266 817 376 892 posset.
421 802 499 867 Nam
536 797 710 866 discernere
736 801 909 892 probabilia
937 804 1102 894 minusque

171 917 355 1009 probanda,
399 942 437 983 cx
465 917 577 1008 hisque
614 919 729 1010 optima
770 943 912 1010 quaeque
945 918 1100 1006 delibare,

172 1061 293 1130 semper
313 1037 403 1103 luisse
431 1038 588 1104 Ciceronis
616 1038 766 1104 novimus.
809 1039 885 1110 Erat
899 1104 903 1109 ,
916 1055 1025 1106 autem
1049 1037 1098 1105 di-

173 1156 266 1225 cendi
292 1180 387 1244 genus
420 1155 590 1222 Asiaticum
617 1154 757 1248 duplex:
799 1182 899 1223 unum
929 1163 1099 1229 sententio·

171 1300 238 1340 sum
267 1292 298 1340 et
324 1292 490 1360 argutum,
523 1276 681 1339 sententiis
711 1299 775 1341 non
810 1292 871 1341 tam
895 1279 1041 1362 gravibus
1068 1294 1099 1345 et

170 1396 300 1479 severis,
323 1420 418 1485 quam
445 1395 604 1460 concinnis
632 1410 663 1459 et
690 1396 846 1480 venustis3
882 1395 1018 1463 alterum
1038 1421 1098 1465 non

171 1533 235 1581 tam
257 1506 413 1578 sententiis
439 1512 693 1602 frequentatum,
725 1538 821 1604 quam
848 1515 952 1581 verbis
979 1515 1099 1584 voluere

170 1650 263 1724 atque
291 1634 461 1699 incitatum.
514 1633 581 1698 Hoc
608 1633 701 1718 magis
729 1634 887 1724 magisque
909 1634 1094 1720 invaluerat,

122 1838 125 1844 Ι
171 1756 320 1845 brevique
353 1769 448 1819 totam
474 1748 579 1818 Asiam
608 1753 782 1843 occupavit.
847 1755 896 1819 Ex
929 1756 1097 1823 oratoribus

170 1892 292 1957 autem,
337 1874 393 1962 qui
420 1870 480 1938 hoc
504 1888 641 1961 tempore
659 1873 693 1937 in
718 1895 755 1940 eo
784 1895 896 1958 genere
926 1873 1096 1960 florerent,

170 1992 339 2084 Aeschylus
363 2015 489 2081 quoque
512 1989 643 2056 Cnidius
665 2007 749 2074 erat,
770 1993 805 2057 in
824 2017 889 2084 quo
907 1992 999 2061 luisse
1020 1996 1094 2088 qui.

169 2111 243 2178 dem
272 2109 482 2176 admirabilem
504 2111 649 2175 orationis
681 2134 826 2193 cursum,
866 2110 922 2178 sed
957 2130 1095 2181 ornatam

167 2231 390 2298 sententiarum
417 2228 657 2294 concinnitatem
678 2226 808 2293 defuisse
836 2227 961 2315 eidem,
995 2248 1097 2322 postet

167 2350 277 2416 Cicero
300 2347 393 2411 fassus
423 2337 475 2409 est¹
494 2348 533 2410 ¹3,
577 2344 622 2411 At
645 2345 703 2430 hac
728 2363 822 2413 aetate
843 2349 1015 2442 impetuosa
1042 2352 1095 2419 in-

167 2469 249 2555 genii
281 2467 325 2532 vis
354 2480 466 2557 sponte
487 2487 540 2528 sua
562 2466 738 2555 rapiebatur
770 2468 804 2531 in
833 2467 928 2556 hujus
956 2472 1094 2557 generis,

168 2585 256 2680 quod
277 2585 406 2649 flumine
432 2583 575 2671 orationis
606 2600 637 2648 et
664 2583 762 2655 faceto
788 2605 999 2680 exornatoque
1022 2615 1094 2657 ver-

167 2713 281 2777 borum
305 2729 363 2770 usu
383 2701 676 2787 commendabatur,
708 2701 964 2790 admirationem,
987 2705 1094 2775 dedis-

168 2831 318 2916 oebatque
342 2823 426 2900 illam
450 2822 663 2925 sobrietatem,
687 2845 783 2910 qrrae,
806 2821 986 2890 Atticorum
1015 2850 1094 2918 pro·

165 2950 252 3042 pria,
288 2967 446 3010 nervosam
467 2940 617 3007 efficiebat
641 2943 818 3008 orationem.
863 2941 977 3009 Similis
1002 2945 1096 3031 igitur

168 3067 325 3136 Ciceronis
347 3063 405 3128 hac
425 3063 459 3126 in
490 3084 575 3126 causa
606 3059 731 3126 fortuna
750 3059 829 3146 fuit,
852 3079 945 3153 atquc
972 3062 1095 3135 Atticae

167 3184 356 3276 eloquentiae
378 3180 491 3263 suerat,
516 3203 633 3269 quae,
667 3196 702 3250 ut
727 3180 793 3272 ipse
819 3182 861 3245 ait
882 3182 935 3265 2),
957 3185 1094 3250 semele

167 3305 288 3371 Piraeo
311 3309 441 3383 evecta,
465 3321 573 3363 omnes
592 3303 795 3388 peragravit
822 3301 972 3384 imulas,
996 3310 1092 3389 atquo

165 3430 228 3509 ita·
237 3423 459 3510 peregrinata
477 3423 560 3507 'tota
593 3416 678 3482 Asia
714 3427 782 3500 est,
817 3428 856 3484 tat
886 3443 921 3484 se
951 3422 1090 3487 almis

165 3543 322 3607 oblineret
356 3540 496 3603 moribus
528 3559 712 3624 omnemque
741 3539 836 3602 illam
865 3541 1087 3610 salubritatem

200 3743 227 3809 1)
244 3716 332 3791 'Bruto
360 3755 384 3788 c.
410 3736 452 3805 9⁵·
482 3733 593 3803 Quinct.
623 3739 697 3790 Inst.
726 3741 806 3789 Orat·
832 3739 852 3790 l.
880 3737 1019 3791 Xllao.
1043 3705 1084 3789 'Cb

164 3829 278 3892 Walch.
296 3827 385 3878 Diatr.
405 3824 424 3876 l.
443 3842 470 3892 p.
489 3825 547 3878 186.
566 3842 626 3893 sqq.
645 3826 765 3877 Clinton.
787 3817 840 3894 09¹.
860 3827 879 3879 l.
898 3835 918 3878 t.
937 3827 975 3881 ll.
991 3821 1081 3894 tadil-

167 3929 199 3993 2)·
217 3922 300 3974 Bruto
318 3936 341 3970 e.
358 3916 403 3967 ιδ.
