2536 4724
567 475 570 481 ,
627 386 669 470 55

169 576 223 653 illa
236 570 392 669 prodigiis
414 573 659 660 nunciarentur,
678 573 706 642 ι)
730 572 1014 667 admonitusque‘a
1044 577 1113 659 Mi—

171 721 266 766 nerva
286 712 353 781 est,
375 718 456 786 quac
479 703 679 771 comumnes
702 709 783 761 artes
806 690 1001 780 edocuisset,
1012 694 1113 774 ²)..ut

170 841 278 884 earum
300 816 423 883 fructus
445 811 484 880 ad
509 837 664 880 summam
688 813 801 880 civium
824 812 955 899 salutem
985 813 1123 896 confer-'

166 952 236 1004 ret.
272 936 357 1002 Haec
373 935 400 1000 si
416 932 511 999 fuerit
532 932 668 1001 duorum
689 933 832 1025 priorum
851 931 1004 1001 librorum

166 1079 237 1144 ma,
273 1057 308 1126 in
334 1054 425 1120 tertio
452 1052 579 1120 fortasse
606 1051 768 1144 Calliopen
790 1049 934 1135 induxit,
968 957 1112 1133 lauiiilii's

162 1198 219 1246 -t'es
235 1198 304 1240 suas
324 1189 419 1260 gestas
434 1189 614 1256 ornantem,
637 1173 781 1261 vitaeque
800 1196 928 1239 cursum
944 1173 1005 1262 ipsi
1020 1171 1111 1250 talem

166 1309 390 1384 exoptantem,
413 1292 512 1382 quadis
535 1290 776 1360 laudatissimum
802 1290 995 1359 consularem
1019 1293 1113 1359 unice

164 1411 303 1492 dsunt*
318 1408 347 1479 5)
394 1414 463 1480 Hoc
481 1413 576 1498 igitur
594 1411 759 1478 heroicum
779 1434 903 1479 mrmen
919 1411 1111 1501 tripartitum

165 1531 244 1618 init,
264 1549 296 1599 et
316 1529 357 1598 ad
380 1535 573 1603 Graecorum
594 1530 772 1621 exemplum
794 1530 1094 1621 compositumltg

211 1652 315 1736 Sunt,
337 1654 395 1743 qui
412 1652 469 1719 hos
491 1652 531 1717 cle
544 1650 730 1718 Consulatu
750 1650 866 1735 libros,
887 1675 966 1742 quos
984 1653 1109 1744 scripsit

162 1769 280 1847 ‚Giano
289 1772 433 1856 hiennio,
445 1786 613 1861 postquam
632 1787 763 1856 gesserat
780 1773 1014 1857 magistratum,
1028 1784 1109 1839 conk-
1172 1753 1175 1759 ¹

164 1887 307 1959 fundunt
328 1916 403 1959 cum
425 1889 511 1956 libris
528 1889 576 1956 de
599 1887 810 1978 Temporibus
833 1894 921 1975 suis,
948 1889 1110 1961 manifeste

164 2026 241 2104 post
257 2008 395 2078 reditum
412 2013 452 2077 ab
471 2008 577 2079 exsilio
597 2010 791 2101 conscriptis.
801 2007 839 2099 ¹5)
854 2037 857 2047 ·
874 2009 914 2075 In
938 2034 1035 2100 quem
1051 2033 1105 2081 er,h

163 2153 272 2197 rorem
290 2127 465 2198 cavendum
481 2153 521 2195 ne
538 2127 722 2196 incidamus.
758 2132 844 2197 Cum
862 2131 947 2196 enim
964 2133 1002 2198 L.
1019 2133 1110 2203 Luc·

166 2252 240 2339 oejo
260 2249 481 2340 significasset,
507 2248 597 2318 malle
625 2273 657 2316 se
683 2252 722 2317 ab
754 2248 813 2317 alio
839 2249 978 2335 laudari,
1012 2275 1109 2343 quam

204 2463 233 2533 ι)
252 2465 404 2517 DeDivin.
417 2464 441 2516 1.
463 2481 493 2516 ο.
506 2477 548 2515 ιι.
572 2460 621 2512 ubi
641 2458 779 2531 Quintusa
808 2471 873 2514 tuos
896 2462 1001 2514 edidici
1021 2462 1109 2513 etiam

162 2568 282 2615 verens,
304 2560 333 2603 et
349 2551 468 2603 libenter
485 2552 611 2621 quidem,
635 2554 751 2620 quasin
769 2534 887 2602 seeundo
907 2552 939 2602 de
953 2551 1108 2601 Consulatu

171 2642 287 2693 Urania
314 2631 401 2692 Musa
427 2640 616 2709 pronunciat.
672 2641 700 2708 2)
714 2637 828 2708 Qninct.
840 2639 859 2691 l.
871 2639 893 2692 1.
952 2639 983 2708 ὅ)
1003 2637 1057 2705 Ep.
1073 2637 1108 2687 eti

162 2738 235 2813 stit.
250 2736 292 2791 11.
308 2735 335 2789 5.
377 2740 425 2790 Mc
442 2736 607 2803 narniensis
630 2752 691 2790 mea
706 2736 763 2788 illa
780 2743 950 2803 commouet,
978 2752 1051 2805 quae
1066 2743 1108 2804 est

163 2827 198 2880 in
213 2826 287 2879 libro
306 2828 418 2885 terlio,-
1049 2834 1050 2837 ’

234 2940 356 2991 Interea
374 2956 490 3002 cursus,
513 2956 583 3009 qnos
594 2938 690 3008 prima
707 2954 726 2988 a
740 2946 825 3006 parte
835 2938 975 3005 juventae
1066 2986 1069 2991 .

239 3028 369 3098 Quosque
385 3030 454 3081 adeo
473 3027 573 3079 consul
588 3029 695 3078 virtute
712 3029 859 3096 animoque
873 3025 999 3095 petisti,

234 3118 297 3170 Hos
312 3119 402 3170 retine
420 3126 505 3189 atque
522 3117 714 3188 angefarnam
729 3118 880 3184 laudesque
895 3115 1041 3166 denorum.
1081 3125 1098 3159 π

165 3235 250 3286 Haec
265 3235 335 3287 milti
352 3232 382 3287 in
403 3254 433 3288 eo
450 3236 543 3298 libro,
563 3236 662 3305 inquo
679 3235 769 3285 multa
786 3241 853 3284 sunt
869 3234 978 3300 scripta
989 3228 1107 3302 ἄριστα·-

164 3334 328 3402 apamiis,
349 3335 475 3404 Calliope
492 3336 555 3403 ipsa
569 3334 777 3402 praescripsit.»
814 3328 843 3396 4)
865 3328 908 3380 td
921 3330 985 3383 An.
999 3329 1017 3380 Ι.
1030 3329 1052 3381 1.
1062 3347 1104 3398 ¹9·

163 3417 283 3487 Quinct.
300 3420 320 3471 l.
338 3420 357 3470 l.
376 3422 427 3474 eff.
453 3428 486 3474 Α.
506 3422 637 3473 Patricius
657 3420 689 3470 ad
708 3423 822 3488 Fragm.
837 3421 893 3470 Cic·
921 3435 950 3484 p·
965 3437 1022 3488 179.
1045 3436 1107 3488 sqq·

165 3508 315 3573 Nobbins,
336 3509 389 3561 Ed.
405 3511 495 3563 oren.
513 3519 532 3562 t.
550 3509 603 3563 lV·
621 3528 648 3576 p.
660 3510 720 3579 567.
738 3507 915 3569 Milanion,
935 3513 955 3556 t.
969 3507 992 3558 1.
1007 3525 1034 3572 p·
1048 3504 1109 3562 255.

165 3597 197 3670 6)
217 3599 252 3652 In
264 3600 315 3652 hac
326 3602 455 3651 sententio
467 3608 529 3669 sunt
539 3601 647 3652 Fabric.
660 3600 722 3652 Bib.
736 3601 802 3648 Irat.
816 3605 835 3648 t.
848 3598 872 3648 Ι.
884 3614 912 3662 p.
925 3599 984 3651 136·
1015 3595 1110 3648 Tuus..

168 3689 252 3742 cattus
273 3689 328 3757 Ep.
343 3691 377 3740 nd
398 3691 526 3742 Middict.
547 3709 574 3758 p·
594 3707 643 3744 120
655 3707 716 3758 sqq.
745 3686 880 3755 Spalding
891 3685 924 3735 ad
935 3685 1048 3756 Quinct.
1060 3687 1110 3740 Li.

170 3776 402 3831 minutantur.
437 3765 562 3832 oretria.
578 3779 630 3831 na.
649 3786 670 3831 t.
688 3776 740 3830 tv.
758 3795 786 3844 p.
803 3777 863 3847 ⁵⁶⁷·
884 3776 980 3830 resen.
999 3779 1108 3846 necyn
1171 3813 1173 3816 Α
1220 3753 1222 3759 ’

171 3866 271 3923 xvtt.
292 3886 323 3936 p·
341 3869 400 3924 240.
435 3871 604 3925 Contrarium
626 3876 737 3923 tuentur
760 3862 973 3920 Patricium.
1004 3862 1115 3920 Manu-²

173 3957 228 4013 tine
241 3956 278 4014 ad
297 3957 355 4028 Ep.
373 3959 411 4010 ad
425 3961 505 4012 Fam.
524 3961 543 4015 Ι.
563 3960 587 4012 Ι.
604 3979 629 4030 9.
861 3948 864 3954 ¹
981 3972 983 3979 “
