2536 4724
616 356 660 422 st

173 531 314 602 differret
332 520 381 599 res
401 552 469 601 suas
493 551 620 613 maere,
641 525 813 596 admonuit.
832 525 859 596 ¹)
892 526 1015 599 vernn
1038 524 1119 596 baec

175 652 255 726 dum
285 652 325 718 ab
357 651 461 718 amicis
493 646 639 716 studebat
668 649 856 741 impetrare,
889 647 956 739 ipse
987 670 1121 740 quoque

176 795 304 866 opernm
335 793 423 836 suam
461 767 629 837 laudationi
661 791 731 834 suae
764 767 971 860 impertiebat.
1015 768 1120 854 Nam,

178 906 301 983 praeter
324 891 481 958 Graecum
502 893 664 974 ὑπόμνημα
689 905 721 954 et
742 888 891 956 Latinum
921 905 1119 955 commenta-

179 1010 281 1093 rium,
298 1003 328 1075 2)
371 1009 494 1099 scripsit
536 1009 673 1089 versibus
708 1008 824 1074 Latinis
858 1008 900 1074 de
935 1005 1122 1075 Consulatu

183 1153 258 1215 asto,
282 1127 369 1221 quod
390 1151 486 1218 opus,
508 1128 535 1194 si
558 1129 625 1215 ejus
649 1129 798 1195 rationem
825 1151 843 1192 e
868 1123 1014 1225 dispersis
1031 1125 1121 1215 frag-

183 1249 297 1325 mentis
325 1247 480 1314 aestimare
502 1245 591 1330 licet,
625 1243 923 1333 magnificentissimi
953 1242 1125 1338 spectaculi

184 1366 323 1436 tetulisse
353 1367 488 1460 speciem
521 1362 656 1433 videtur.
720 1365 868 1448 Etenim,
900 1364 926 1430 si
957 1364 1029 1457 quis
1065 1362 1124 1433 hta

188 1485 372 1555 conceditur
405 1488 600 1574 conjecturae
638 1484 744 1570 locus,
789 1510 855 1553 non
895 1479 1042 1578 ineptum
1081 1500 1132 1581 est·

186 1605 352 1696 suspicari,
385 1607 571 1674 Ciceronem
593 1628 739 1672 exorsum
761 1605 801 1671 ab
822 1628 859 1672 eo
882 1600 990 1673 divino
1010 1602 1128 1697 prodi-

188 1724 255 1811 gio,
278 1723 365 1815 quod
389 1724 529 1791 litaturae
550 1741 623 1818 post
645 1723 831 1792 sacrificium
854 1725 1020 1791 Terentiae
1043 1751 1129 1796 uxo·

186 1841 216 1909 ri
237 1844 440 1912 Consulatum
464 1846 566 1911 mariti
595 1842 821 1936 portendisset,
839 1842 867 1910 3)
891 1841 1018 1913 finxisse
1044 1870 1080 1914 se
1112 1873 1130 1915 a

114 2007 117 2012 -
188 1967 264 2034 Jove
288 1967 357 2059 ipso
380 1968 416 2032 in
442 1962 574 2033 deorum
598 1965 766 2034 concilium
790 1963 996 2052 advocatum3
1019 1964 1050 2036 ⁴)
1095 1968 1132 2035 in

191 2110 289 2177 quem
323 2084 467 2152 divinum
500 2101 622 2152 coetum
659 2082 828 2171 admissus,
863 2087 921 2177 qui
951 2070 1135 2156 considebat

191 2206 226 2270 in
241 2202 395 2296 Olympo,
417 2201 573 2270 exaudivit
597 2229 614 2268 a
636 2220 726 2295 patre
740 2206 878 2272 Deorum
896 2221 928 2272 et
944 2204 1133 2293 bominum,

193 2344 274 2412 quae
298 2334 399 2386 essent
427 2321 515 2388 brevi
547 2337 687 2414 tempore
711 2339 877 2406 eventura,
911 2349 1054 2418 quasque
1077 2350 1136 2394 ra·

194 2440 293 2507 tiones
313 2456 470 2533 oporteret
489 2441 583 2528 iniri3
603 2439 632 2508 ⁵)
656 2443 776 2535 accepit
797 2446 837 2510 ab
861 2445 993 2529 Urania,
1016 2447 1146 2538 quibos·

198 2649 361 2705 inchoavit:
384 2651 484 2721 quibus
504 2652 629 2715 auditis,
661 2654 736 2722 quod
758 2653 828 2704 rnilri
849 2672 953 2724 magna
977 2673 1021 2708 res
1036 2665 1069 2708 et
1079 2658 1139 2726 ja-

199 2738 290 2788 runda
312 2739 374 2788 viso
401 2747 462 2802 est,
486 2739 558 2791 bunc
572 2736 611 2791 dd
626 2742 830 2811 perficiendum
854 2744 987 2797 hortatus
1007 2765 1082 2799 sum.
1098 2773 1139 2791 ι-

198 2840 280 2880 e.12·
308 2826 431 2878 Archias
450 2827 493 2878 iris
508 2829 663 2881 recentibus
681 2832 787 2881 nostris
802 2832 1140 2902 vestrisque‘domesticis

194 2915 332 2984 periculis
359 2924 503 2967 aeternum
528 2937 557 2970 se
578 2920 767 2970 testimonium
789 2920 904 2971 laudum
925 2923 1056 2974 daturum
1077 2945 1142 2980 esee

194 3003 360 3072 profitetur·
394 3003 439 3056 Cf.
462 3004 546 3073 llgen.
567 3023 612 3073 op.
629 3006 648 3059 l.
670 3025 698 3073 p·
718 3008 760 3062 14·
822 3009 849 3076 t)
871 3008 915 3060 Ad
936 3013 1017 3064 Fam.
1036 3011 1074 3066 V·
1092 3031 1138 3071 tn.

199 3090 228 3160 α)
249 3089 292 3140 Ad
303 3092 368 3142 Att.
382 3091 406 3144 Ι.
418 3109 467 3162 19,
481 3110 525 3145 no.
544 3094 585 3148 ll.
603 3112 628 3148 ι.
669 3096 697 3164 ὅ)
718 3094 830 3150 Servius
841 3097 874 3149 ad
887 3097 965 3167 Virg.
977 3099 1139 3156 Eetvllt.

198 3195 225 3231 v·
245 3179 305 3233 106.
341 3182 433 3233 Uxori
455 3185 596 3236 Ciceronis
618 3186 725 3237 dicitur
747 3189 911 3257 contigisse,
938 3208 999 3241 curn
1015 3202 1140 3258 peracto

201 3269 344 3336 sacrficio
365 3269 457 3322 libore
476 3272 561 3323 vallet
580 3275 609 3324 in
626 3277 762 3339 cineram,
782 3285 815 3326 ut
825 3296 860 3327 es
872 3280 931 3346 ipso
945 3281 1140 3350 sinereflan-

199 3372 246 3408 ma
261 3367 407 3428 surgeret,
428 3377 501 3429 quae
512 3361 632 3428 flamma
646 3364 737 3414 eodem
755 3382 829 3416 anno
847 3368 987 3419 consulem
995 3370 1141 3440 futuram

203 3448 326 3499 ostendit
342 3448 401 3510 ejus
417 3451 570 3514 maritum,
592 3453 668 3503 sicut
686 3455 813 3504 Cioero'
802 3474 832 3506 ιιι
851 3474 902 3508 suo
922 3467 1047 3514 testatur
1063 3481 1141 3533 poa-

200 3543 285 3586 mata.
318 3534 347 3602 4)
367 3533 501 3604 Quinctil.
512 3543 574 3593 Ins.
585 3543 631 3592 Or.
651 3540 736 3593 1.·x1.
747 3560 771 3595 c.
785 3561 810 3597 1.
829 3543 873 3596 cf
888 3545 1140 3618 Spaldingadbd·

200 3617 230 3687 5)
251 3620 303 3687 Ep.
321 3623 354 3674 ad
374 3622 472 3695 Quint.
488 3628 526 3680 fr
546 3628 566 3681 l.
582 3630 621 3682 11
614 3648 700 3702 .ο.9
719 3633 767 3685 ubi
784 3635 896 3687 scribit:
926 3641 1003 3708 quod
1020 3657 1063 3694 nte
1081 3645 1142 3698 ad·

100 3735 104 3742 ·
203 3726 295 3763 mones
316 3714 348 3765 de
369 3726 469 3768 nostra
491 3720 617 3784 Urania,
644 3724 796 3795 arabsque
813 3734 845 3776 ut
865 3730 1038 3784 meminerim
1055 3733 1142 3787 toria

191 3799 370 3864 orationem,
392 3821 464 3873 quae
488 3810 563 3859 σοι’
551 3827 581 3860 rn
606 3819 726 3864 extremo
747 3813 798 3865 illo
815 3813 906 3867 libro:
926 3836 977 3888 ego
992 3836 1068 3876 voro
1075 3839 1142 3880 tne-

203 3886 288 3953 mini,
305 3897 335 3941 et
350 3888 404 3944 illa
421 3895 517 3948 omnio
537 3897 607 3951 milri
623 3903 712 3972 magis
728 3893 845 3974 scripsi,
863 3920 949 3975 quarn
961 3906 1072 3970 ceteris.
