2536 4724
550 515 553 525 υ
603 418 645 484 86

166 602 216 674 tat
234 624 270 671 οε
284 602 319 668 el
336 599 461 681 μέγεθος
480 594 531 664 eol
548 595 603 670 riv
623 587 786 667 misirere.
816 591 854 657 Ei
878 588 934 674 μὲν
960 583 1009 656 οὖν
1033 589 1090 658 its·

167 719 273 802 dixero
304 715 423 790 ποὲοτοοο
453 709 525 781 εἶναι
547 713 679 794 σοφοὺς,
709 713 760 776 οὐκ
778 707 816 777 to
833 709 933 783 ἐδέησε
956 702 1097 775 aestum

169 836 225 906 irs.
244 835 355 903 τόπον·
384 835 410 900 ol
441 832 502 912 γὰρ
532 830 614 897 eorde
642 828 753 896 truria
783 824 975 906 διαιρούμενοι
1000 846 1091 907 napo·

168 953 284 1037 Φοοὲδες
310 951 366 1018 etet
386 954 444 1017 τῶν
466 947 671 1029 προκειμένων·
700 945 765 1010 ἐπεὶ
790 944 820 1011 δὲ
846 941 976 1009 καὶτῶν
1000 941 1090 1022 μέσος

172 1038 360 1149 iteraturam
390 1064 543 1146 ἀνθρώπων
572 1063 703 1144 spiretur
732 1061 885 1136 ποιητέον,
908 1058 1044 1134 tieem
1061 1052 1110 1126 ἔπ’

170 1193 228 1254 τῶν
249 1188 458 1265 repetiveritis
481 1179 1093 1263 styovooaaetetusevettatm‚attoa-

167 1299 276 1383 μένους
297 1307 512 1381 speraretque
542 1307 602 1370 reis
624 1297 787 1376 δοεξοδοκοῖς
810 1296 985 1375 utitem,
1015 1296 1091 1375 iisd

170 1439 258 1490 strae
275 1415 446 1494 οἷνοογκοοίοος
461 1415 611 1497 reexortos
623 1457 634 1492 ‚
646 1414 859 1481 εὀτεοοεοεκοέον
877 1415 1092 1482 vitiositatis

173 1531 284 1612 λόγον,
299 1515 337 1600 δι”
354 1527 459 1614 odida
477 1534 547 1614 πρὸς
565 1531 801 1613 nidrosiam
820 1531 869 1598 κοο)
890 1532 944 1608 τὴν
963 1534 1092 1615 ipldma

175 1655 231 1725 esis
255 1649 382 1718 ἒκοὶοοοο
399 1650 533 1730 χρήσεως
547 1647 693 1733 ὑποθήκας
712 1649 742 1713 ἐν
759 1649 917 1727 intraneis
933 1644 1040 1727 ἕξουσι.
1051 1682 1092 1713 ·-.·

175 1764 240 1833 Hle
266 1765 336 1851 jam
363 1761 491 1831 solvitur
520 1762 674 1852 quaestio,
714 1757 793 1850 quid
832 1759 1039 1853 spectandum
1061 1760 1093 1826 sit

173 1880 383 1974 philosopho,
406 1901 535 1971 quoque
560 1881 659 1948 omnis
680 1877 876 1971 philosophia
895 1895 1043 1971 tanquam
1060 1875 1092 1944 ad

176 2018 347 2069 extremam
383 2000 498 2068 calcem
520 2001 561 2065 sit
590 1996 761 2066 referenda.
804 1997 902 2089 Quod
924 1997 1094 2090 quidemin

175 2119 329 2187 medicina
350 2119 468 2185 nemini
488 2116 623 2185 dubium
644 2117 801 2208 est,quin
823 2118 864 2183 sit
880 2119 1001 2186 sanitas.
1031 2119 1094 2185 Hu-

171 2238 226 2326 jus
244 2238 328 2303 enim
347 2237 440 2304 causi
466 2253 499 2303 et
523 2237 639 2304 curatio
653 2235 850 2321 admittitur,
866 2253 898 2302 et
917 2261 1015 2330 saepe-
1029 2261 1093 2325 gra·

74 2351 76 2356 ’
175 2356 290 2427 vissimi
330 2353 449 2422 dolores
480 2354 695 2445 molestiaeque
727 2372 921 2446 superantur.
988 2358 1095 2427 verua

179 2474 394 2569 philosophiae
419 2475 489 2564 quis
516 2475 556 2540 sit
589 2473 661 2540 finis
691 2473 875 2567 ponendus,
917 2478 1006 2544 omni
1034 2497 1097 2544 aeto

176 2592 369 2685 disputatum
398 2610 467 2679 est,
489 2594 697 2685 maximosque
731 2593 781 2660 illa
802 2593 977 2686 disquisitio
996 2595 1093 2690 philo·

176 2711 348 2804 sophorum
373 2710 526 2778 dissensus
550 2713 701 2780 excitavit.
744 2712 836 2780 Philo
858 2737 951 2800 vero,
983 2715 1094 2808 simpli·

179 2855 249 2899 oem
265 2847 386 2898 secutus
407 2830 649 2923 philosophandi
678 2833 781 2916 viam,
805 2857 900 2924 quam
927 2835 988 2928 ipsi
1020 2835 1097 2903 Plato

179 2930 384 3034 monstravit,
420 2950 629 3043 comparandi
661 2951 859 3044 philosophii
893 2979 967 3021 eum
1001 2953 1095 3024 medi·

179 3070 249 3138 eina
268 3069 442 3156 intellexit,
474 3072 507 3136 in
539 3071 707 3162 tranquillo
733 3088 835 3156 statu,
859 3050 988 3164 qualem
1001 3075 1096 3142 sanitas

178 3191 316 3283 eorporis
343 3189 437 3256 refert
448 3241 458 3274 ,
471 3189 569 3256 finem
580 3168 791 3283 philosophiae
800 3190 1016 3281 quaerendum
1035 3215 1097 3261 esst

178 3309 360 3421 Appellaqit
389 3325 491 3376 autem
521 3310 609 3376 hune
641 3326 775 3395 statum,
799 3312 855 3400 qui
874 3311 962 3379 nullo
982 3314 1099 3381 motato

178 3431 322 3523 impetu,
346 3427 432 3495 nulli
456 3429 554 3520 pravi
575 3431 807 3521 perturbatione
823 3446 1031 3518 everteretur,
1052 3440 1100 3505 si·

178 3553 354 3647 δοιομοοίοοο,
374 3550 437 3616 sive
450 3551 544 3617 vitam
557 3551 686 3616 beatam.
708 3550 815 3639 Quam
837 3574 933 3635 eave,
956 3576 998 3618 ne
1014 3552 1102 3622 vitem

180 3660 381 3751 desidiosam,
405 3693 484 3758 quae
506 3685 538 3734 et
574 3667 708 3736 ducente
733 3693 800 3735 eam
820 3668 967 3757 indigna,
990 3689 1022 3740 et
1043 3671 1104 3740 ho·

180 3784 302 3852 minum
335 3787 471 3853 societati
504 3787 622 3854 inutilis
657 3804 724 3872 est,
767 3789 980 3879 interpretere.
1034 3791 1104 3858 Non

182 3903 267 3990 enim
282 3905 456 3997 Epicurea,
478 3904 532 3973 sed
556 3906 711 3976 Platonioa
728 3908 895 4007 cogitamus
914 3908 1042 4004 placita3
1075 3924 1110 3975 et
