2536 4724
595 374 657 446 102

163 544 289 618 Philoni
307 547 551 618 admirabundus
583 565 687 616 totum
713 571 745 616 se
774 546 948 616 tradiderat
965 539 1091 639 Cicero,

72 675 76 683 '
164 694 201 738 ac
223 690 281 763 per
311 669 405 758 hujus
432 671 536 736 eximii
565 656 624 737 viri
652 667 848 762 disciplinam
867 693 904 735 ac
927 683 1092 736 corrauettrd

89 788 92 793 ’
164 789 285 858 dinem·
309 788 349 856 ad
383 791 517 857 Platonis
550 812 686 856 amorem
721 788 893 872 excitatas,
939 806 1092 876 germanas

166 905 379 1000 philosophiae
408 909 475 994 jam
508 906 698 998 aliquatenus
731 907 790 971 sibi
825 904 994 972 videbatur
1017 920 1092 972 recte

167 1028 384 1119 praestantiam
401 1027 582 1094 aestimare?
614 1028 717 1114 Hujus
744 1041 846 1091 autem
863 1024 1090 1118 philosophiae,¹

142 1162 204 1212 ‚ut
240 1163 412 1212 ceterarum
442 1143 680 1239 disciplinarum
718 1145 881 1228 omnium,
922 1166 1039 1237 parens
1062 1166 1092 1209 ac

168 1264 285 1355 patria,
315 1288 410 1354 quam
428 1261 515 1330 adire
535 1265 691 1348 instituit,
715 1264 845 1332 Graecia
861 1262 982 1348 fuerat,
1003 1261 1091 1329 flore·

168 1381 288 1473 batque
327 1385 505 1451 etiamnunc
546 1381 719 1451 earundem
758 1385 872 1451 artium
915 1385 1090 1466 stateribus,

167 1503 433 1594 praestantissimis
463 1505 544 1572 viris.
588 1503 699 1589 Illinc,
720 1519 843 1596 praeter
866 1501 1092 1588 innumerabilia

170 1620 323 1689 beneficia
365 1624 507 1716 vitaeque
542 1624 701 1708 instituta,
746 1624 862 1714 quihus
893 1621 1001 1690 dotata
1024 1623 1092 1690 liet·

170 1741 298 1835 publica
347 1744 485 1812 Romana
526 1761 614 1830 erat,
659 1746 725 1837 ipsa
767 1743 873 1831 religio
913 1745 957 1810 et·
986 1754 1090 1834 myste-

171 1865 215 1928 ria
245 1864 396 1951 originem
426 1861 589 1931 duxerant.
635 1864 691 1931 'Ut
720 1865 827 1956 paucis
849 1861 1024 1947 absolvam,
1051 1859 1092 1926 ti-

171 1981 267 2049 detur
294 1984 373 2050 mihi
402 1985 560 2051 Ciceronis
586 1985 727 2061 animus,
749 2005 847 2074 quem
870 1980 1017 2047 sublimes
1034 1976 1093 2045 illas

172 2096 342 2193 saepissime
376 2106 573 2190 cogitationes
599 2103 780 2186 subierant,
804 2102 996 2168 sanctissimo
1013 2120 1091 2189 qm·

171 2214 246 2288 ilam
276 2222 387 2307 sensu,
411 2249 511 2314 quum
535 2221 677 2288 tenderet
700 2225 734 2289 in
752 2222 940 2306 Graeciam,
963 2218 1092 2311 perfurit

23 2420 25 2425 ¹
170 2341 285 2426 fuisse,
324 2340 526 2434 similiterque
558 2342 708 2428 affectus,
751 2365 787 2409 ac
824 2357 945 2408 mentes
981 2339 1092 2408 illorum

173 2460 293 2546 solent,
314 2463 371 2552 qai
392 2463 426 2528 in
442 2463 570 2529 Sacram
590 2464 723 2528 Terram
741 2459 782 2526 ad
800 2458 960 2527 lustranda
977 2458 1090 2547 religio·-

172 2581 222 2646 nis
242 2581 431 2648 incunabula
449 2583 504 2674 pio
527 2581 653 2650 consilio
676 2579 934 2674 proficiscuntur.

216 2688 280 2768 sed
295 2700 355 2769 hac
375 2699 479 2767 aetate
490 2700 633 2794 profecto
650 2700 733 2767 aliud
752 2716 818 2767 erat
840 2700 997 2768 reminisci
1016 2695 1089 2766 anti·

175 2842 254 2910 quae
278 2822 445 2903 Graeciae,
478 2819 561 2886 aliud
588 2837 783 2913 praesentem
800 2844 869 2886 eam
893 2813 1090 2913 contemphti,

175 2939 301 3005 Crebris
329 2939 394 3003 sine
424 2936 522 3004 dubio
548 2941 742 3008 sermonibus
768 2941 931 3008 novissima
951 2943 1016 3028 ejus
1033 2936 1089 3005 lor«

175 3074 274 3141 tuna,
298 3080 395 3149 quam
415 3057 547 3125 Sullanis
569 3061 661 3126 armis
682 3076 748 3126 erat
772 3083 933 3152 perpessa,
962 3050 1089 3127 Ciceroni

174 3194 206 3242 et
229 3175 353 3243 Philoni
381 3178 553 3245 materiem
568 3179 771 3267 praebuerat,
804 3175 1036 3266 altiusque-res
1052 3165 1090 3239 illi

175 3321 280 3364 secum
302 3312 497 3390 repetentes,
541 3320 580 3363 ex
614 3321 679 3388 quo
701 3297 840 3364 Socrates
861 3297 908 3362 ibi
929 3296 1088 3370 exstiterat,

175 3434 206 3482 et
239 3415 363 3484 condita
403 3419 442 3483 ab
478 3420 544 3504 ejus
577 3415 731 3508 discipulo
769 3415 900 3482 Platone
940 3406 1091 3483 Aedesa·

173 3553 259 3620 arat,
287 3542 381 3604 varias
414 3540 567 3605 uriarum
590 3553 723 3603 aetatum
750 3534 953 3620 salamiam,
976 3535 1091 3627 priua·

174 3653 393 3747 publicasque,
414 3655 605 3722 recoluerant
628 3678 858 3747 saepenumero.
887 3655 1007 3723 Verum
1023 3649 1093 3717 hant

174 3776 331 3866 praeteriti
363 3776 509 3864 temporis
541 3776 740 3860 memoriam,
768 3775 912 3843 acerbam
933 3767 1090 3841 resudan-

175 3892 273 3976 tibas,
295 3895 434 3987 ipsarum
454 3893 651 3974 Athenarum
668 3893 792 3962 sartura
816 3919 852 3960 ac
883 3885 1091 3962 riossirudias
