2536 4724
588 450 664 530 aa

168 633 352 725 opinantur,
375 654 406 702 et
433 637 573 729 pluu'bue
590 658 628 705 ex
648 639 766 704 ultibus
784 635 967 728 studiisque
983 635 1090 713 colleo-

168 739 266 822 ιω
289 756 382 846 Qun
410 759 494 822 aaa
515 759 585 848 qua
603 755 688 822 anua
703 759 887 823 sammaa
911 754 1088 824 tisanam

167 872 388 958 multitudiue,
411 899 528 941 summa
549 864 860 971 magistrorumcopia
872 914 918 926 —-
938 900 1004 942 esse
1019 900 1085 943 cau-

167 1017 214 1058 sae
228 1009 350 1084 putet,
378 996 435 1059 nisi
453 995 497 1059 rei
520 992 973 1085 (eloquentiae)ineledibilem
992 1018 1084 1083 quan·

167 1105 241 1180 datu
267 1111 510 1199 magnitudinem
533 1138 567 1178 ac
600 1099 841 1178 difficultatem-‘i
864 1113 921 1176 Eat
955 1113 1087 1176 enimet

167 1234 290 1300 seientia
307 1229 598 1323 comprehendenda
622 1254 725 1296 rerum
746 1220 1012 1322 plm·ima1nm--·-'
1024 1251 1088 1296 em·

169 1372 223 1416 nes
242 1351 415 1415 animorum
445 1366 545 1415 motus
574 1351 698 1440 penitus
729 1365 802 1414 sunt
820 1347 1031 1442 pernoscendi
1050 1387 1089 1402 ·-

167 1465 292 1534 accedat
316 1465 423 1534 eodem
455 1480 576 1560 oportet
598 1467 682 1560 lepos
707 1466 834 1558 quidam
857 1467 1046 1559 facetiaeque
1062 1483 1088 1535 et

169 1584 304 1651 eruditio
331 1585 427 1652 libero
448 1585 540 1679 digna
564 1625 607 1637 -
631 1584 763 1652 tenenda
785 1603 939 1678 praeterea
961 1602 1008 1653 est
1024 1612 1087 1655 cm·

169 1706 217 1770 nis
243 1707 428 1796 antiquitas,
463 1705 737 1797 exemplorumque
770 1707 833 1788 vis,
862 1729 967 1796 neque
996 1705 1088 1791 legum

170 1849 206 1890 ac
223 1826 303 1911 jmis
343 1825 438 1891 civilis
473 1813 596 1891 scientie
619 1814 796 1910 negligenda
822 1838 874 1891 est
898 1861 943 1874 —-
974 1825 1088 1913 Quum·

170 1944 278 2008 obrem
301 1944 404 2007 mirari
430 1941 618 2026 desinamus,
633 1954 710 2032 q'uae
730 1965 814 2008 causa
826 1944 866 2007 sit
884 1942 1088 2033 eloquentium
1119 1932 1124 1943 ⁸

169 2064 350 2154 paucitatis,
374 2087 473 2152 quum
503 2086 541 2128 ex
565 2065 599 2127 iis
618 2064 708 2129 rebus
739 2063 888 2128 universis
922 2060 1088 2151 eloquentie

172 2197 308 2263 constet,
342 2183 456 2270 quibus
484 2183 518 2244 in
553 2180 679 2266 singulis
713 2181 865 2249 elaborare
894 2202 1090 2271 permagnum

170 2314 216 2363 est
244 2301 287 2364 ¹).
309 2336 356 2351 -
376 2299 424 2365 Ac
450 2323 515 2364 mea
542 2299 670 2390 quidem
690 2301 837 2365 sententia
866 2314 960 2366 nemo
985 2300 1091 2393 poterit

172 2440 233 2482 esse
262 2418 348 2484 omni
370 2416 459 2483 laude
489 2418 659 2484 cumulatus
690 2435 812 2501 orator,
845 2420 903 2483 nisi
932 2420 993 2484 erit
1025 2442 1089 2486 om·

170 2539 259 2603 nium
279 2561 384 2602 rerum
395 2562 575 2624 magnarum
592 2554 686 2628 atque
704 2540 817 2602 artium
840 2539 1001 2605 scientiam
1018 2561 1090 2605 ecn-

173 2673 294 2724 secutus
324 2662 363 2725 ²).
376 2660 398 2689 ''
443 2658 570 2751 Spectat
587 2655 788 2723 eodemlocus
809 2659 930 2723 anobis
948 2655 1092 2749 suprass)

171 2775 330 2843 laudatus}
354 2801 375 2842 »
398 2777 450 2843 sic
480 2778 563 2841 enim
585 2774 696 2859 video,
719 2800 813 2842 unam
842 2773 1003 2865 quondam
1026 2800 1091 2843 om·

173 2896 261 2961 nium
288 2880 416 2976 rerum,
435 2918 513 2984 quae
549 2911 647 2959 essent
669 2893 792 2961 erudito
822 2893 948 2960 homine
968 2893 1093 2982 dignae,

171 3031 265 3105 atque
293 3037 348 3096 eo,
382 3015 437 3105 qui
467 3015 500 3078 in
525 3000 683 3106 republica
706 3013 795 3079 vellet
817 3012 987 3096 excellere,
1009 3013 1094 3080 faiae

171 3133 367 3219 doctrinam3
400 3158 495 3223 qnam
514 3119 569 3225 qni
588 3134 794 3225 accepissent,
816 3133 840 3196 si
863 3129 958 3196 iidem
975 3132 1095 3218 ingenio
1139 3207 1141 3211 ¹

171 3252 211 3318 ad
241 3234 509 3345 pronuntiandum
529 3252 713 3333 valuissent,
736 3266 768 3315 'et
797 3273 828 3314 se
854 3247 894 3314 ad
927 3247 1096 3317 dicendum

170 3396 297 3464 quoque
321 3396 386 3438 non
405 3381 597 3462 repugnante
613 3366 919 3463 'natura-dedissent,
942 3368 1093 3458 eloquen-

171 3492 214 3554 tia
238 3493 465 3581 praestitisse.''
512 3499 516 3505 '

176 3587 183 3646 s
216 3610 350 3674 Miretur
380 3635 452 3676 vere
486 3613 577 3700 quis,
614 3614 671 3698 qni
696 3609 823 3676 tactum·
849 3610 907 3692 sit,
930 3625 969 3686 ut
990 3611 1098 3702 Cieero

171 3728 204 3791 ia
219 3726 277 3792 hac
294 3731 399 3811 omni,
412 3740 506 3823 q'uam
514 3731 652 3797 instituit
663 3742 685 3812 ,²
697 3728 928 3818 disquisitione,
940 3730 1095 3819 eloquen-

197 3870 484 3899 -.....-..,..

205 3964 235 4039 'o
256 3975 288 4029 e.
304 3975 331 4027 ⁵.
398 3981 427 4039 2)
453 3979 484 4031 e.
510 3980 534 4031 s.
605 3980 632 4046 a)
655 3978 683 4031 a.
703 3977 761 4045 ηε.
