<?xml version="1.0" encoding="UTF-8"?>
<!DOCTYPE html PUBLIC "-//W3C//DTD XHTML 1.0 Transitional//EN"
    "http://www.w3.org/TR/xhtml1/DTD/xhtml1-transitional.dtd">
<html xmlns="http://www.w3.org/1999/xhtml" xml:lang="en" lang="en">
 <head>
  <title>
</title>
<meta http-equiv="Content-Type" content="text/html;charset=utf-8" />
  <meta name='ocr-system' content='tesseract 3.04.00' />
  <meta name='ocr-capabilities' content='ocr_page ocr_carea ocr_par ocr_line ocrx_word'/>
</head>
<body>
  <div class='ocr_page' id='page_1' title='image "./mtulliuscicerop00kolkgoog_0116.png"; bbox 0 0 2536 4724; ppageno 0'>
   <div class='ocr_carea' id='block_1_1' title="bbox 609 402 650 469">
    <p class='ocr_par' dir='ltr' id='par_1_1' title="bbox 609 402 650 469">
     <span class='ocr_line' id='line_1_1' title="bbox 609 402 650 469; baseline -0.024 0"><span class='ocrx_word' id='word_1_1' title='bbox 609 402 650 469; x_wconf 79' lang='lat'><strong>93</strong></span> 
     </span>
    </p>
   </div>
   <div class='ocr_carea' id='block_1_2' title="bbox 161 556 1149 2574">
    <p class='ocr_par' dir='ltr' id='par_1_2' title="bbox 161 556 1149 1119">
     <span class='ocr_line' id='line_1_2' title="bbox 161 556 1090 668; baseline -0.013 -18"><span class='ocrx_word' id='word_1_2' title='bbox 161 581 276 650; x_wconf 69' lang='lat' dir='ltr'><strong>latine</strong></span> <span class='ocrx_word' id='word_1_3' title='bbox 301 577 349 665; x_wconf 83' lang='lat'><strong>¹),</strong></span> <span class='ocrx_word' id='word_1_4' title='bbox 370 593 403 645; x_wconf 89' lang='lat' dir='ltr'><strong>et</strong></span> <span class='ocrx_word' id='word_1_5' title='bbox 422 556 642 668; x_wconf 83' lang='lat' dir='ltr'><strong>Xenophontis</strong></span> <span class='ocrx_word' id='word_1_6' title='bbox 660 573 920 656; x_wconf 77' lang='lat' dir='ltr'><strong>Oeconomicum,</strong></span> <span class='ocrx_word' id='word_1_7' title='bbox 939 596 1038 639; x_wconf 86' lang='lat' dir='ltr'><strong>unum</strong></span> <span class='ocrx_word' id='word_1_8' title='bbox 1057 587 1090 638; x_wconf 89' lang='lat' dir='ltr'><strong>et</strong></span> 
     </span>
     <span class='ocr_line' id='line_1_3' title="bbox 163 678 1092 788; baseline -0.008 -21"><span class='ocrx_word' id='word_1_9' title='bbox 163 700 273 788; x_wconf 77' lang='lat' dir='ltr'><strong>viginti</strong></span> <span class='ocrx_word' id='word_1_10' title='bbox 293 686 519 778; x_wconf 81' lang='lat' dir='ltr'><strong>annosna&#39;tus,</strong></span> <span class='ocrx_word' id='word_1_11' title='bbox 536 691 684 761; x_wconf 88' lang='lat' dir='ltr'><strong>Latinum</strong></span> <span class='ocrx_word' id='word_1_12' title='bbox 705 691 780 760; x_wconf 86' lang='lat' dir='ltr'><strong>fecit</strong></span> <span class='ocrx_word' id='word_1_13' title='bbox 805 690 847 759; x_wconf 61' lang='grc' dir='ltr'><strong>ι).</strong></span> <span class='ocrx_word' id='word_1_14' title='bbox 890 678 1009 761; x_wconf 69' lang='lat' dir='ltr'><strong>Eodem</strong></span> <span class='ocrx_word' id='word_1_15' title='bbox 1027 691 1092 760; x_wconf 83' lang='lat' dir='ltr'><strong>sere</strong></span> 
     </span>
     <span class='ocr_line' id='line_1_4' title="bbox 166 806 1126 906; baseline -0.006 -24"><span class='ocrx_word' id='word_1_16' title='bbox 166 818 306 906; x_wconf 78' lang='lat' dir='ltr'><strong>tempore</strong></span> <span class='ocrx_word' id='word_1_17' title='bbox 336 812 457 880; x_wconf 89' lang='lat' dir='ltr'><strong>Moloni</strong></span> <span class='ocrx_word' id='word_1_18' title='bbox 489 806 630 894; x_wconf 75' lang='lat' dir='ltr'><strong>Rhodio,</strong></span> <span class='ocrx_word' id='word_1_19' title='bbox 660 813 790 879; x_wconf 80' lang='lat' dir='ltr'><strong>Romam</strong></span> <span class='ocrx_word' id='word_1_20' title='bbox 820 809 936 895; x_wconf 81' lang='lat' dir='ltr'><strong>delam,</strong></span> <span class='ocrx_word' id='word_1_21' title='bbox 966 833 1092 901; x_wconf 85' lang='lat' dir='ltr'><strong>operam</strong></span> <span class='ocrx_word' id='word_1_22' title='bbox 1124 853 1126 855; x_wconf 88' lang='lat'>·</span> 
     </span>
     <span class='ocr_line' id='line_1_5' title="bbox 164 921 1149 1024; baseline -0.005 -24"><span class='ocrx_word' id='word_1_23' title='bbox 164 932 280 1020; x_wconf 77' lang='lat' dir='ltr'><strong>dedit,</strong></span> <span class='ocrx_word' id='word_1_24' title='bbox 307 933 418 1024; x_wconf 88' lang='lat' dir='ltr'><strong>quiet</strong></span> <span class='ocrx_word' id='word_1_25' title='bbox 444 946 691 998; x_wconf 78' lang='lat' dir='ltr'><strong>actorsummus</strong></span> <span class='ocrx_word' id='word_1_26' title='bbox 719 921 879 998; x_wconf 84' lang='lat' dir='ltr'><strong>causarum</strong></span> <span class='ocrx_word' id='word_1_27' title='bbox 902 945 935 996; x_wconf 86' lang='lat' dir='ltr'><strong>et</strong></span> <span class='ocrx_word' id='word_1_28' title='bbox 953 928 1094 1016; x_wconf 79' lang='lat' dir='ltr'><strong>magister</strong></span> <span class='ocrx_word' id='word_1_29' title='bbox 1146 941 1149 945; x_wconf 78' lang='grc'>’</span> 
     </span>
     <span class='ocr_line' id='line_1_6' title="bbox 161 1047 485 1119; baseline -0.012 0"><span class='ocrx_word' id='word_1_30' title='bbox 161 1055 207 1119; x_wconf 84' lang='lat' dir='ltr'><strong>ab</strong></span> <span class='ocrx_word' id='word_1_31' title='bbox 234 1076 272 1119; x_wconf 87' lang='lat' dir='ltr'><strong>co</strong></span> <span class='ocrx_word' id='word_1_32' title='bbox 294 1050 421 1119; x_wconf 78' lang='lat' dir='ltr'><strong>v&#39;ocatur</strong></span> <span class='ocrx_word' id='word_1_33' title='bbox 445 1047 485 1116; x_wconf 76' lang='lat'><strong>5).</strong></span> 
     </span>
    </p>

    <p class='ocr_par' dir='ltr' id='par_1_3' title="bbox 162 1167 1137 2574">
     <span class='ocr_line' id='line_1_7' title="bbox 162 1167 1095 1261; baseline -0.004 -25"><span class='ocrx_word' id='word_1_34' title='bbox 162 1215 176 1223; x_wconf 92' lang='lat'><em>-</em></span> <span class='ocrx_word' id='word_1_35' title='bbox 211 1172 251 1236; x_wconf 90' lang='lat' dir='ltr'><strong>In</strong></span> <span class='ocrx_word' id='word_1_36' title='bbox 273 1168 452 1236; x_wconf 84' lang='lat' dir='ltr'><strong>doctissimis</strong></span> <span class='ocrx_word' id='word_1_37' title='bbox 487 1191 583 1260; x_wconf 85' lang='lat' dir='ltr'><strong>porro</strong></span> <span class='ocrx_word' id='word_1_38' title='bbox 611 1195 646 1237; x_wconf 86' lang='lat' dir='ltr'><strong>ac</strong></span> <span class='ocrx_word' id='word_1_39' title='bbox 671 1170 868 1261; x_wconf 85' lang='lat' dir='ltr'><strong>principibus</strong></span> <span class='ocrx_word' id='word_1_40' title='bbox 896 1167 1095 1252; x_wconf 87' lang='lat' dir='ltr'><strong>bominibus,</strong></span> 
     </span>
     <span class='ocr_line' id='line_1_8' title="bbox 166 1283 1096 1378; baseline 0.001 -26"><span class='ocrx_word' id='word_1_41' title='bbox 166 1287 428 1378; x_wconf 82' lang='lat' dir='ltr'><strong>quibussemper</strong></span> <span class='ocrx_word' id='word_1_42' title='bbox 451 1283 561 1352; x_wconf 91' lang='lat' dir='ltr'><strong>domus</strong></span> <span class='ocrx_word' id='word_1_43' title='bbox 588 1288 655 1373; x_wconf 89' lang='lat' dir='ltr'><strong>ejus</strong></span> <span class='ocrx_word' id='word_1_44' title='bbox 684 1286 811 1372; x_wconf 85' lang='lat' dir='ltr'><strong>floruit,</strong></span> <span class='ocrx_word' id='word_1_45' title='bbox 833 1303 864 1353; x_wconf 90' lang='lat' dir='ltr'><strong>et</strong></span> <span class='ocrx_word' id='word_1_46' title='bbox 883 1313 901 1353; x_wconf 86' lang='lat' dir='ltr'><strong>a</strong></span> <span class='ocrx_word' id='word_1_47' title='bbox 920 1287 1035 1378; x_wconf 89' lang='lat' dir='ltr'><strong>quibus</strong></span> <span class='ocrx_word' id='word_1_48' title='bbox 1063 1307 1096 1353; x_wconf 85' lang='lat' dir='ltr'><strong>se</strong></span> 
     </span>
     <span class='ocr_line' id='line_1_9' title="bbox 166 1396 1094 1486; baseline 0 -14"><span class='ocrx_word' id='word_1_49' title='bbox 166 1406 346 1472; x_wconf 89' lang='lat' dir='ltr'><strong>institutum</strong></span> <span class='ocrx_word' id='word_1_50' title='bbox 383 1396 446 1471; x_wconf 78' lang='lat' dir='ltr'><strong>esse</strong></span> <span class='ocrx_word' id='word_1_51' title='bbox 486 1405 627 1486; x_wconf 81' lang='lat' dir='ltr'><strong>fatetur,</strong></span> <span class='ocrx_word' id='word_1_52' title='bbox 681 1404 831 1473; x_wconf 88' lang='lat' dir='ltr'><strong>Diodotus</strong></span> <span class='ocrx_word' id='word_1_53' title='bbox 867 1406 988 1474; x_wconf 82' lang='lat' dir='ltr'><strong>Stoicus</strong></span> <span class='ocrx_word' id='word_1_54' title='bbox 1022 1405 1094 1473; x_wconf 84' lang='lat' dir='ltr'><strong>fuit.</strong></span> 
     </span>
     <span class='ocr_line' id='line_1_10' title="bbox 167 1525 1096 1616; baseline 0.001 -25"><span class='ocrx_word' id='word_1_55' title='bbox 167 1525 253 1616; x_wconf 87' lang='lat' dir='ltr'><strong>Qui,</strong></span> <span class='ocrx_word' id='word_1_56' title='bbox 275 1525 392 1612; x_wconf 79' lang='lat' dir='ltr'><strong>origine</strong></span> <span class='ocrx_word' id='word_1_57' title='bbox 415 1527 573 1610; x_wconf 86' lang='lat' dir='ltr'><strong>Graecus,</strong></span> <span class='ocrx_word' id='word_1_58' title='bbox 595 1525 653 1590; x_wconf 90' lang='lat' dir='ltr'><strong>ubi</strong></span> <span class='ocrx_word' id='word_1_59' title='bbox 679 1527 809 1593; x_wconf 86' lang='lat' dir='ltr'><strong>Romam</strong></span> <span class='ocrx_word' id='word_1_60' title='bbox 832 1527 931 1611; x_wconf 86' lang='lat' dir='ltr'><strong>venit,</strong></span> <span class='ocrx_word' id='word_1_61' title='bbox 965 1526 1096 1592; x_wconf 80' lang='lat' dir='ltr'><strong>maxime</strong></span> 
     </span>
     <span class='ocr_line' id='line_1_11' title="bbox 167 1643 1099 1729; baseline 0 -19"><span class='ocrx_word' id='word_1_62' title='bbox 167 1643 334 1727; x_wconf 76' lang='lat' dir='ltr'><strong>inclamit,</strong></span> <span class='ocrx_word' id='word_1_63' title='bbox 358 1659 433 1710; x_wconf 81' lang='lat' dir='ltr'><strong>teste</strong></span> <span class='ocrx_word' id='word_1_64' title='bbox 454 1645 603 1711; x_wconf 73' lang='lat' dir='ltr'><strong>Cicerone</strong></span> <span class='ocrx_word' id='word_1_65' title='bbox 623 1646 657 1709; x_wconf 94' lang='lat' dir='ltr'><strong>in</strong></span> <span class='ocrx_word' id='word_1_66' title='bbox 677 1645 794 1729; x_wconf 85' lang='lat' dir='ltr'><strong>Bruto,</strong></span> <span class='ocrx_word' id='word_1_67' title='bbox 816 1646 871 1710; x_wconf 94' lang='lat' dir='ltr'><strong>ubi</strong></span> <span class='ocrx_word' id='word_1_68' title='bbox 896 1644 984 1712; x_wconf 92' lang='lat' dir='ltr'><strong>hunc</strong></span> <span class='ocrx_word' id='word_1_69' title='bbox 1003 1643 1099 1710; x_wconf 83' lang='lat' dir='ltr'><strong>refert</strong></span> 
     </span>
     <span class='ocr_line' id='line_1_12' title="bbox 168 1761 1096 1853; baseline -0.001 -23"><span class='ocrx_word' id='word_1_70' title='bbox 168 1761 348 1831; x_wconf 85' lang='lat' dir='ltr'><strong>studiorum</strong></span> <span class='ocrx_word' id='word_1_71' title='bbox 357 1788 484 1831; x_wconf 90' lang='lat' dir='ltr'><strong>suorum</strong></span> <span class='ocrx_word' id='word_1_72' title='bbox 502 1785 635 1831; x_wconf 84' lang='lat' dir='ltr'><strong>cursum.</strong></span> <span class='ocrx_word' id='word_1_73' title='bbox 658 1789 680 1830; x_wconf 91' lang='lat'><strong>&gt;›</strong></span> <span class='ocrx_word' id='word_1_74' title='bbox 700 1765 786 1850; x_wconf 83' lang='lat' dir='ltr'><strong>Ego,</strong></span> <span class='ocrx_word' id='word_1_75' title='bbox 807 1765 867 1846; x_wconf 87' lang='lat' dir='ltr'><strong>ait,</strong></span> <span class='ocrx_word' id='word_1_76' title='bbox 889 1763 951 1830; x_wconf 91' lang='lat' dir='ltr'><strong>hoc</strong></span> <span class='ocrx_word' id='word_1_77' title='bbox 969 1779 1096 1853; x_wconf 88' lang='lat' dir='ltr'><strong>tempo·</strong></span> 
     </span>
     <span class='ocr_line' id='line_1_13' title="bbox 163 1873 1099 1968; baseline -0.003 -16"><span class='ocrx_word' id='word_1_78' title='bbox 163 1891 208 1952; x_wconf 49' lang='lat' dir='ltr'><strong>‘re&#39;</strong></span> <span class='ocrx_word' id='word_1_79' title='bbox 234 1887 343 1968; x_wconf 87' lang='lat' dir='ltr'><strong>omni,</strong></span> <span class='ocrx_word' id='word_1_80' title='bbox 377 1900 482 1952; x_wconf 89' lang='lat' dir='ltr'><strong>noctes</strong></span> <span class='ocrx_word' id='word_1_81' title='bbox 505 1900 537 1950; x_wconf 89' lang='lat' dir='ltr'><strong>et</strong></span> <span class='ocrx_word' id='word_1_82' title='bbox 558 1882 644 1967; x_wconf 85' lang='lat' dir='ltr'><strong>dies,</strong></span> <span class='ocrx_word' id='word_1_83' title='bbox 664 1884 699 1949; x_wconf 90' lang='lat' dir='ltr'><strong>in</strong></span> <span class='ocrx_word' id='word_1_84' title='bbox 720 1882 862 1949; x_wconf 91' lang='lat' dir='ltr'><strong>omnium</strong></span> <span class='ocrx_word' id='word_1_85' title='bbox 886 1873 1099 1949; x_wconf 69' lang='lat' dir='ltr'><strong>doctrinarum</strong></span> 
     </span>
     <span class='ocr_line' id='line_1_14' title="bbox 170 1996 1098 2105; baseline -0.003 -33"><span class='ocrx_word' id='word_1_86' title='bbox 170 2001 377 2105; x_wconf 36' lang='lat' dir='ltr'><strong>meditatione·</strong></span> <span class='ocrx_word' id='word_1_87' title='bbox 398 2003 548 2071; x_wconf 82' lang='lat' dir='ltr'><strong>versabar.</strong></span> <span class='ocrx_word' id='word_1_88' title='bbox 600 2003 696 2071; x_wconf 83' lang='lat' dir='ltr'><strong>Eram</strong></span> <span class='ocrx_word' id='word_1_89' title='bbox 722 2025 795 2070; x_wconf 86' lang='lat' dir='ltr'><strong>cum</strong></span> <span class='ocrx_word' id='word_1_90' title='bbox 822 2000 926 2067; x_wconf 87' lang='lat' dir='ltr'><strong>Stoico</strong></span> <span class='ocrx_word' id='word_1_91' title='bbox 950 1996 1098 2069; x_wconf 74' lang='lat' dir='ltr'><strong>Diodotoz</strong></span> 
     </span>
     <span class='ocr_line' id='line_1_15' title="bbox 171 2118 1097 2217; baseline -0.013 -23"><span class='ocrx_word' id='word_1_92' title='bbox 171 2125 230 2217; x_wconf 90' lang='lat' dir='ltr'><strong>qui</strong></span> <span class='ocrx_word' id='word_1_93' title='bbox 263 2130 336 2193; x_wconf 86' lang='lat' dir='ltr'><strong>cu&#39;m</strong></span> <span class='ocrx_word' id='word_1_94' title='bbox 362 2124 557 2191; x_wconf 79' lang='lat' dir='ltr'><strong>habitavisset</strong></span> <span class='ocrx_word' id='word_1_95' title='bbox 585 2119 671 2214; x_wconf 88' lang='lat' dir='ltr'><strong>apud</strong></span> <span class='ocrx_word' id='word_1_96' title='bbox 706 2144 755 2190; x_wconf 89' lang='lat' dir='ltr'><strong>me</strong></span> <span class='ocrx_word' id='word_1_97' title='bbox 790 2142 975 2209; x_wconf 86' lang='lat' dir='ltr'><strong>mecumque</strong></span> <span class='ocrx_word' id='word_1_98' title='bbox 992 2118 1097 2187; x_wconf 79' lang='lat' dir='ltr'><strong>-rixis-</strong></span> 
     </span>
     <span class='ocr_line' id='line_1_16' title="bbox 170 2239 1137 2337; baseline -0.006 -27"><span class='ocrx_word' id='word_1_99' title='bbox 170 2261 234 2329; x_wconf 85' lang='lat' dir='ltr'><strong>set,</strong></span> <span class='ocrx_word' id='word_1_100' title='bbox 258 2267 361 2337; x_wconf 89' lang='lat' dir='ltr'><strong>nuper</strong></span> <span class='ocrx_word' id='word_1_101' title='bbox 376 2242 472 2312; x_wconf 60' lang='lat' dir='ltr'><strong>“iest</strong></span> <span class='ocrx_word' id='word_1_102' title='bbox 491 2241 577 2309; x_wconf 92' lang='lat' dir='ltr'><strong>domi</strong></span> <span class='ocrx_word' id='word_1_103' title='bbox 598 2265 683 2307; x_wconf 87' lang='lat' dir='ltr'><strong>meae</strong></span> <span class='ocrx_word' id='word_1_104' title='bbox 702 2257 850 2308; x_wconf 90' lang='lat' dir='ltr'><strong>mortuus.</strong></span> <span class='ocrx_word' id='word_1_105' title='bbox 892 2239 1007 2328; x_wconf 81' lang='lat' dir='ltr'><strong>Aquo</strong></span> <span class='ocrx_word' id='word_1_106' title='bbox 1027 2261 1101 2304; x_wconf 89' lang='lat' dir='ltr'><strong>cum</strong></span> <span class='ocrx_word' id='word_1_107' title='bbox 1134 2296 1137 2304; x_wconf 29' lang='lat' dir='ltr'><em>J</em></span> 
     </span>
     <span class='ocr_line' id='line_1_17' title="bbox 167 2359 1099 2447; baseline -0.005 -16"><span class='ocrx_word' id='word_1_108' title='bbox 167 2364 209 2431; x_wconf 72' lang='lat' dir='ltr'><strong>viu</strong></span> <span class='ocrx_word' id='word_1_109' title='bbox 231 2362 295 2429; x_wconf 91' lang='lat' dir='ltr'><strong>aliis</strong></span> <span class='ocrx_word' id='word_1_110' title='bbox 313 2365 420 2447; x_wconf 85' lang='lat' dir='ltr'><strong>rebus,</strong></span> <span class='ocrx_word' id='word_1_111' title='bbox 454 2378 523 2429; x_wconf 85' lang='lat' dir='ltr'><strong>tum</strong></span> <span class='ocrx_word' id='word_1_112' title='bbox 543 2360 760 2430; x_wconf 83' lang='lat' dir='ltr'><strong>studiosissime</strong></span> <span class='ocrx_word' id='word_1_113' title='bbox 779 2362 813 2427; x_wconf 92' lang='lat' dir='ltr'><strong>in</strong></span> <span class='ocrx_word' id='word_1_114' title='bbox 832 2359 988 2427; x_wconf 85' lang='lat' dir='ltr'><strong>dialectica</strong></span> <span class='ocrx_word' id='word_1_115' title='bbox 1008 2380 1099 2426; x_wconf 83' lang='lat' dir='ltr'><strong>excr-</strong></span> 
     </span>
     <span class='ocr_line' id='line_1_18' title="bbox 171 2476 1102 2574; baseline -0.008 -24"><span class='ocrx_word' id='word_1_116' title='bbox 171 2482 288 2568; x_wconf 83' lang='lat' dir='ltr'><strong>oebar3</strong></span> <span class='ocrx_word' id='word_1_117' title='bbox 313 2506 392 2574; x_wconf 75' lang='lat' dir='ltr'><strong>qrrae</strong></span> <span class='ocrx_word' id='word_1_118' title='bbox 414 2482 501 2574; x_wconf 88' lang='lat' dir='ltr'><strong>quasi</strong></span> <span class='ocrx_word' id='word_1_119' title='bbox 530 2480 686 2550; x_wconf 82' lang='lat' dir='ltr'><strong>contracta</strong></span> <span class='ocrx_word' id='word_1_120' title='bbox 709 2476 748 2547; x_wconf 79' lang='lat' dir='ltr'><strong>et</strong></span> <span class='ocrx_word' id='word_1_121' title='bbox 762 2478 906 2546; x_wconf 85' lang='lat' dir='ltr'><strong>adstricta</strong></span> <span class='ocrx_word' id='word_1_122' title='bbox 926 2478 1102 2568; x_wconf 82' lang='lat' dir='ltr'><strong>eloquentia</strong></span> 
     </span>
    </p>
   </div>
   <div class='ocr_carea' id='block_1_3' title="bbox 171 2597 1101 2688">
    <p class='ocr_par' dir='ltr' id='par_1_4' title="bbox 171 2597 1213 2688">
     <span class='ocr_line' id='line_1_19' title="bbox 171 2597 1101 2688; baseline -0.004 -22"><span class='ocrx_word' id='word_1_123' title='bbox 171 2616 229 2668; x_wconf 82' lang='lat' dir='ltr'><strong>est.</strong></span> <span class='ocrx_word' id='word_1_124' title='bbox 273 2601 355 2668; x_wconf 88' lang='lat' dir='ltr'><strong>Huic</strong></span> <span class='ocrx_word' id='word_1_125' title='bbox 376 2597 591 2687; x_wconf 85' lang='lat' dir='ltr'><strong>egodoctori,</strong></span> <span class='ocrx_word' id='word_1_126' title='bbox 614 2615 644 2665; x_wconf 90' lang='lat' dir='ltr'><strong>et</strong></span> <span class='ocrx_word' id='word_1_127' title='bbox 664 2603 730 2688; x_wconf 87' lang='lat' dir='ltr'><strong>ejus</strong></span> <span class='ocrx_word' id='word_1_128' title='bbox 753 2600 870 2665; x_wconf 80' lang='lat' dir='ltr'><strong>artibus</strong></span> <span class='ocrx_word' id='word_1_129' title='bbox 895 2599 984 2666; x_wconf 82' lang='lat' dir='ltr'><strong>variis</strong></span> <span class='ocrx_word' id='word_1_130' title='bbox 1006 2613 1101 2687; x_wconf 83' lang='lat' dir='ltr'><strong>atque</strong></span> 
     </span>
    </p>
   </div>
   <div class='ocr_carea' id='block_1_4' title="bbox 121 2715 1103 3647">
    <p class='ocr_par' dir='ltr' id='par_1_5' title="bbox 121 2715 1103 3647">
     <span class='ocr_line' id='line_1_20' title="bbox 169 2715 1100 2806; baseline 0 -22"><span class='ocrx_word' id='word_1_131' title='bbox 169 2716 285 2784; x_wconf 78' lang='lat' dir='ltr'><strong>maritis</strong></span> <span class='ocrx_word' id='word_1_132' title='bbox 300 2719 341 2784; x_wconf 92' lang='lat' dir='ltr'><strong>ita</strong></span> <span class='ocrx_word' id='word_1_133' title='bbox 362 2742 446 2784; x_wconf 83' lang='lat' dir='ltr'><strong>eram</strong></span> <span class='ocrx_word' id='word_1_134' title='bbox 465 2741 520 2804; x_wconf 86' lang='lat' dir='ltr'><strong>ego</strong></span> <span class='ocrx_word' id='word_1_135' title='bbox 537 2715 680 2806; x_wconf 84' lang='lat' dir='ltr'><strong>deditus,</strong></span> <span class='ocrx_word' id='word_1_136' title='bbox 714 2733 751 2783; x_wconf 86' lang='lat' dir='ltr'><strong>ut</strong></span> <span class='ocrx_word' id='word_1_137' title='bbox 775 2719 814 2783; x_wconf 90' lang='lat' dir='ltr'><strong>ab</strong></span> <span class='ocrx_word' id='word_1_138' title='bbox 835 2718 1100 2792; x_wconf 76' lang='lat' dir='ltr'><strong>exercitationibus</strong></span> 
     </span>
     <span class='ocr_line' id='line_1_21' title="bbox 170 2834 1100 2925; baseline 0 -22"><span class='ocrx_word' id='word_1_139' title='bbox 170 2837 310 2903; x_wconf 87' lang='lat' dir='ltr'><strong>oratoriis</strong></span> <span class='ocrx_word' id='word_1_140' title='bbox 337 2835 443 2925; x_wconf 90' lang='lat' dir='ltr'><strong>nullus</strong></span> <span class='ocrx_word' id='word_1_141' title='bbox 473 2834 538 2903; x_wconf 89' lang='lat' dir='ltr'><strong>dies</strong></span> <span class='ocrx_word' id='word_1_142' title='bbox 571 2861 684 2904; x_wconf 89' lang='lat' dir='ltr'><strong>vacuus</strong></span> <span class='ocrx_word' id='word_1_143' title='bbox 716 2853 802 2903; x_wconf 82' lang='lat' dir='ltr'><strong>essct.</strong></span> <span class='ocrx_word' id='word_1_144' title='bbox 859 2838 1100 2904; x_wconf 85' lang='lat' dir='ltr'><strong>Commentabar</strong></span> 
     </span>
     <span class='ocr_line' id='line_1_22' title="bbox 172 2951 1098 3048; baseline 0.004 -28"><span class='ocrx_word' id='word_1_145' title='bbox 172 2951 372 3024; x_wconf 84' lang='lat' dir='ltr'><strong>declamitans</strong></span> <span class='ocrx_word' id='word_1_146' title='bbox 392 2979 481 3048; x_wconf 81' lang='lat' dir='ltr'><strong>saepe</strong></span> <span class='ocrx_word' id='word_1_147' title='bbox 501 2980 575 3024; x_wconf 88' lang='lat' dir='ltr'><strong>cum</strong></span> <span class='ocrx_word' id='word_1_148' title='bbox 594 2959 642 3023; x_wconf 87' lang='lat' dir='ltr'><strong>M.</strong></span> <span class='ocrx_word' id='word_1_149' title='bbox 664 2959 773 3024; x_wconf 89' lang='lat' dir='ltr'><strong>Pisone</strong></span> <span class='ocrx_word' id='word_1_150' title='bbox 790 2973 823 3023; x_wconf 89' lang='lat' dir='ltr'><strong>et</strong></span> <span class='ocrx_word' id='word_1_151' title='bbox 840 2981 913 3025; x_wconf 92' lang='lat' dir='ltr'><strong>cum</strong></span> <span class='ocrx_word' id='word_1_152' title='bbox 935 2959 978 3047; x_wconf 87' lang='lat' dir='ltr'><strong>Q.</strong></span> <span class='ocrx_word' id='word_1_153' title='bbox 1000 2959 1098 3026; x_wconf 90' lang='lat' dir='ltr'><strong>Pom-</strong></span> 
     </span>
     <span class='ocr_line' id='line_1_23' title="bbox 121 3075 1101 3168; baseline 0.003 -26"><span class='ocrx_word' id='word_1_154' title='bbox 121 3097 123 3103; x_wconf 88' lang='lat'>·</span> <span class='ocrx_word' id='word_1_155' title='bbox 173 3076 267 3166; x_wconf 53' lang='lat' dir='ltr'><strong>pejoj</strong></span> <span class='ocrx_word' id='word_1_156' title='bbox 311 3090 364 3140; x_wconf 85' lang='lat' dir='ltr'><strong>aut</strong></span> <span class='ocrx_word' id='word_1_157' title='bbox 386 3100 461 3143; x_wconf 91' lang='lat' dir='ltr'><strong>cum</strong></span> <span class='ocrx_word' id='word_1_158' title='bbox 488 3075 601 3167; x_wconf 78' lang='lat' dir='ltr'><strong>aliquo·</strong></span> <span class='ocrx_word' id='word_1_159' title='bbox 623 3076 781 3167; x_wconf 83' lang='lat' dir='ltr'><strong>quotidie,</strong></span> <span class='ocrx_word' id='word_1_160' title='bbox 826 3076 923 3168; x_wconf 89' lang='lat' dir='ltr'><strong>idque</strong></span> <span class='ocrx_word' id='word_1_161' title='bbox 952 3077 1101 3146; x_wconf 85' lang='lat' dir='ltr'><strong>faciebam</strong></span> 
     </span>
     <span class='ocr_line' id='line_1_24' title="bbox 134 3187 1101 3289; baseline 0 -27"><span class='ocrx_word' id='word_1_162' title='bbox 134 3187 141 3198; x_wconf 64' lang='grc'><strong>’</strong></span> <span class='ocrx_word' id='word_1_163' title='bbox 169 3193 311 3262; x_wconf 84' lang='lat' dir='ltr'><strong>multum</strong></span> <span class='ocrx_word' id='word_1_164' title='bbox 337 3196 429 3262; x_wconf 88' lang='lat' dir='ltr'><strong>etiam</strong></span> <span class='ocrx_word' id='word_1_165' title='bbox 462 3197 590 3280; x_wconf 85' lang='lat' dir='ltr'><strong>Latine,</strong></span> <span class='ocrx_word' id='word_1_166' title='bbox 633 3195 688 3262; x_wconf 83' lang='lat' dir='ltr'><strong>sed</strong></span> <span class='ocrx_word' id='word_1_167' title='bbox 719 3198 837 3265; x_wconf 83' lang='lat' dir='ltr'><strong>Graece</strong></span> <span class='ocrx_word' id='word_1_168' title='bbox 867 3198 1006 3289; x_wconf 84' lang='lat' dir='ltr'><strong>saepius:</strong></span> <span class='ocrx_word' id='word_1_169' title='bbox 1052 3195 1101 3264; x_wconf 83' lang='lat' dir='ltr'><strong>vel</strong></span> 
     </span>
     <span class='ocr_line' id='line_1_25' title="bbox 175 3310 1101 3409; baseline 0.005 -31"><span class='ocrx_word' id='word_1_170' title='bbox 175 3310 263 3404; x_wconf 89' lang='lat' dir='ltr'><strong>quod</strong></span> <span class='ocrx_word' id='word_1_171' title='bbox 287 3314 406 3381; x_wconf 87' lang='lat' dir='ltr'><strong>Graeca</strong></span> <span class='ocrx_word' id='word_1_172' title='bbox 427 3315 521 3381; x_wconf 84' lang='lat' dir='ltr'><strong>oratio</strong></span> <span class='ocrx_word' id='word_1_173' title='bbox 547 3314 636 3406; x_wconf 84' lang='lat' dir='ltr'><strong>plura</strong></span> <span class='ocrx_word' id='word_1_174' title='bbox 663 3334 843 3383; x_wconf 83' lang='lat' dir='ltr'><strong>ornamenta</strong></span> <span class='ocrx_word' id='word_1_175' title='bbox 875 3313 1101 3409; x_wconf 82' lang='lat' dir='ltr'><strong>suppeditans,</strong></span> 
     </span>
     <span class='ocr_line' id='line_1_26' title="bbox 171 3429 1103 3529; baseline 0.004 -32"><span class='ocrx_word' id='word_1_176' title='bbox 171 3429 430 3529; x_wconf 79' lang='lat' dir='ltr'><strong>¹consuetudinem</strong></span> <span class='ocrx_word' id='word_1_177' title='bbox 464 3433 602 3500; x_wconf 88' lang='lat' dir='ltr'><strong>similiter</strong></span> <span class='ocrx_word' id='word_1_178' title='bbox 635 3436 744 3502; x_wconf 88' lang='lat' dir='ltr'><strong>Latine</strong></span> <span class='ocrx_word' id='word_1_179' title='bbox 780 3433 907 3501; x_wconf 87' lang='lat' dir='ltr'><strong>dicendi</strong></span> <span class='ocrx_word' id='word_1_180' title='bbox 937 3435 1103 3523; x_wconf 80' lang='lat' dir='ltr'><strong>afferebat,</strong></span> 
     </span>
     <span class='ocr_line' id='line_1_27' title="bbox 173 3546 1100 3647; baseline 0.011 -33"><span class='ocrx_word' id='word_1_181' title='bbox 173 3547 231 3637; x_wconf 25' lang='lat' dir='ltr'><strong>rel*</strong></span> <span class='ocrx_word' id='word_1_182' title='bbox 250 3546 374 3640; x_wconf 86' lang='lat' dir='ltr'><strong>quoda</strong></span> <span class='ocrx_word' id='word_1_183' title='bbox 396 3552 522 3618; x_wconf 85' lang='lat' dir='ltr'><strong>Graecis</strong></span> <span class='ocrx_word' id='word_1_184' title='bbox 548 3555 674 3620; x_wconf 89' lang='lat' dir='ltr'><strong>summis</strong></span> <span class='ocrx_word' id='word_1_185' title='bbox 703 3551 899 3647; x_wconf 83' lang='lat' dir='ltr'><strong>doctoribus,</strong></span> <span class='ocrx_word' id='word_1_186' title='bbox 920 3556 980 3622; x_wconf 88' lang='lat' dir='ltr'><strong>nisi</strong></span> <span class='ocrx_word' id='word_1_187' title='bbox 998 3558 1100 3626; x_wconf 86' lang='lat' dir='ltr'><strong>Grae-</strong></span> 
     </span>
    </p>
   </div>
   <div class='ocr_carea' id='block_1_5' title="bbox 178 3803 1103 4006">
    <p class='ocr_par' dir='ltr' id='par_1_6' title="bbox 178 3803 1103 4006">
     <span class='ocr_line' id='line_1_28' title="bbox 211 3803 1103 3918; baseline 0.015 -31"><span class='ocrx_word' id='word_1_188' title='bbox 211 3833 238 3903; x_wconf 77' lang='lat'><strong>1&#39;)</strong></span> <span class='ocrx_word' id='word_1_189' title='bbox 258 3834 300 3887; x_wconf 79' lang='lat' dir='ltr'><strong>De</strong></span> <span class='ocrx_word' id='word_1_190' title='bbox 319 3835 378 3888; x_wconf 84' lang='lat' dir='ltr'><strong>inv.</strong></span> <span class='ocrx_word' id='word_1_191' title='bbox 396 3834 415 3889; x_wconf 85' lang='lat' dir='ltr'><strong>l.</strong></span> <span class='ocrx_word' id='word_1_192' title='bbox 434 3836 457 3889; x_wconf 89' lang='lat'><strong>1.</strong></span> <span class='ocrx_word' id='word_1_193' title='bbox 475 3855 499 3891; x_wconf 87' lang='lat' dir='ltr'><strong>c.</strong></span> <span class='ocrx_word' id='word_1_194' title='bbox 517 3839 561 3893; x_wconf 74' lang='grc' dir='ltr'><strong>δι.</strong></span> <span class='ocrx_word' id='word_1_195' title='bbox 633 3844 662 3912; x_wconf 85' lang='lat'><strong>2)</strong></span> <span class='ocrx_word' id='word_1_196' title='bbox 685 3842 772 3911; x_wconf 71' lang='lat' dir='ltr'><strong>supra</strong></span> <span class='ocrx_word' id='word_1_197' title='bbox 789 3846 887 3912; x_wconf 75' lang='lat' dir='ltr'><strong>p.·41.-</strong></span> <span class='ocrx_word' id='word_1_198' title='bbox 956 3803 984 3918; x_wconf 65' lang='lat' dir='ltr'><strong>d)</strong></span> <span class='ocrx_word' id='word_1_199' title='bbox 1006 3848 1103 3901; x_wconf 75' lang='lat' dir='ltr'><strong>brutos</strong></span> 
     </span>
     <span class='ocr_line' id='line_1_29' title="bbox 178 3925 614 4006; baseline 0.021 -32"><span class='ocrx_word' id='word_1_200' title='bbox 178 3925 264 3994; x_wconf 47' lang='grc' dir='ltr'><strong>φὴ</strong></span> <span class='ocrx_word' id='word_1_201' title='bbox 330 3926 614 4006; x_wconf 36' lang='grc' dir='ltr'><strong>ἣᾶαψ..</strong></span> 
     </span>
    </p>
   </div>
   <div class='ocr_carea' id='block_1_6' title="bbox 0 0 1291 4724">
    <p class='ocr_par' dir='ltr' id='par_1_7' title="bbox 0 0 1291 4724">
     <span class='ocr_line' id='line_1_30' title="bbox 0 0 1291 4724; baseline 0 0"><span class='ocrx_word' id='word_1_202' title='bbox 0 0 1291 4724; x_wconf 95' lang='lat' dir='ltr'><strong> </strong></span> 
     </span>
    </p>
   </div>
  </div>
 </body>
</html>
