2536 4724
522 377 562 444 65

70 534 192 616 ceteris
208 548 349 633 artibus,
383 565 421 614 ut
456 550 584 641 poeticis
622 551 888 618 exercitationibus
918 550 1004 623 haud

65 668 222 738 immerito
242 667 365 737 dicatur
390 667 563 759 plurimum
582 665 621 733 ad
645 666 854 758 eloquentiam
875 667 1002 759 adjutus

64 807 137 853 osse.
180 788 292 877 Neque
313 802 417 852 tamen
440 785 536 873 hujus
554 785 626 851 artis
651 787 848 872 exercitium,
873 789 1001 877 quomi-

63 926 124 970 nus
151 905 187 970 in
210 906 317 972 ceteris
348 903 518 997 disciplinis
546 902 708 994 diligenter
722 921 910 990 versaretur,
935 907 999 974 im-

56 1021 246 1117 pedimento
266 1023 335 1090 snit.
378 1024 580 1106 Monuimus,
603 1039 798 1115 quantopere
821 1025 924 1092 animo
947 1047 1000 1091 es-

59 1159 110 1210 set
135 1145 357 1236 perturbatus,
380 1167 503 1235 quum,
529 1141 703 1236 explicante
734 1143 878 1209 Latinam
901 1142 1000 1211 scho-

59 1259 123 1328 hm
145 1260 266 1345 Plotio,
289 1263 345 1352 qui
366 1272 493 1348 magnae
515 1259 696 1329 eruditionis
720 1263 770 1330 rir
792 1260 998 1354 praedicaba-

62 1393 136 1464 tur,
158 1381 224 1467 ejus
245 1376 383 1445 adeundi
401 1396 567 1466 negaretur
595 1381 693 1471 copia.
737 1379 887 1447 Attamen
913 1382 999 1448 istius

62 1496 109 1566 rei
137 1496 307 1566 molestiam
339 1498 493 1590 praeclara
523 1500 678 1567 institutio
711 1499 845 1568 Archiae
874 1517 906 1566 et
925 1525 999 1570 rere
1051 1549 1055 1562 ,

62 1619 332 1710 paternusCrassi
353 1642 438 1684 amor
456 1620 646 1685 absterserat.
690 1616 754 1686 Sed
778 1619 874 1707 hujus
897 1643 1001 1710 quum·

61 1736 236 1829 plurimum
256 1737 389 1806 consiliis
412 1735 602 1820 confideret,
625 1761 722 1829 eaque
741 1736 893 1822 disceret,
917 1763 1001 1828 quae
1088 1798 1090 1803 ,

61 1856 175 1923 Crasso
193 1856 376 1950 placerent,
398 1873 430 1923 et
452 1857 492 1922 ab
519 1840 569 1920 his
593 1854 793 1940 doctoribus,
816 1859 928 1946 quibus
943 1855 997 1924 illa
1084 1873 1087 1877 ’

61 1989 204 2043 uteretur
236 1976 362 2061 amicis,
400 1973 600 2054 erudiretur,
632 1976 735 2041 subiti
768 1991 867 2042 morte
896 1974 999 2044 Crassi

62 2109 99 2160 et
127 2096 248 2162 animus
278 2095 450 2181 gravissime
485 2095 696 2182 affligebatur,
730 2111 762 2161 et
784 2093 1000 2162 retardabatur

61 2199 231 2307 paulisper·
247 2215 407 2280 institutus
442 2236 548 2281 cursus
578 2211 760 2280 studiorum.
812 2213 998 2307 Eodemque
1093 2290 1097 2297 s

59 2332 131 2401 fere
153 2349 292 2425 temporo
318 2331 471 2416 Auchus,
503 2359 520 2398 a
547 2332 680 2400 Lucullo
711 2334 872 2417 invitatus,
907 2349 942 2400 ut
962 2347 1007 2401 se'

59 2457 101 2524 in
129 2454 291 2520 itineribus
316 2436 533 2535 comitaretur,
556 2453 644 2518 cessit
665 2452 760 2541 hujus
784 2453 929 2546 precibus
958 2479 1003 2521 ac

60 2570 127 2640 diu·
147 2548 188 2638 in
220 2571 322 2638 Sicilia
356 2569 456 2637 abfuit
487 2571 526 2639 ¹).
588 2572 694 2661 Quare
728 2574 838 2639 Cicero
873 2589 995 2642 sextum

58 2688 223 2757 decimum
247 2691 349 2755 aetatis
376 2715 502 2785 annum¹
520 2692 693 2778 attingens,
713 2693 816 2758 sumta
839 2693 919 2760 virili
939 2710 994 2761 to-

58 2810 125 2900 ga,
144 2825 182 2876 ut
207 2832 274 2876 mos
297 2811 411 2876 Romae
440 2826 504 2876 erat
525 2808 576 2894 2),
598 2813 633 2876 in
653 2810 757 2878 forum
774 2811 900 2902 prodire
919 2837 993 2894 coer

58 2929 134 3025 pit,
168 2928 323 3019 simulque
354 2955 371 2994 a
397 2945 486 3021 patre
509 2927 549 2995 ad
573 2930 616 3019 Q.
647 2931 790 3000 Mucium
820 2931 996 3000 Scaevolam

56 3072 232 3136 augurem,
262 3072 404 3115 socerum
430 3049 550 3133 Crassi,
586 3065 617 3114 et
644 3050 859 3116 amicissimum
885 3049 914 3115 ei
943 3050 994 3117 vi-

58 3188 161 3250 rum,
182 3163 405 3233 deducebatur.
448 3168 508 3233 Hic
527 3167 735 3259 plurimorum
767 3165 900 3247 decursu
930 3166 994 3234 ho-
1079 3181 1082 3187 ’

58 3308 181 3354 norum
206 3287 371 3353 senectutis
398 3288 496 3352 otium
519 3302 550 3352 et
571 3285 770 3377 prudentiam
793 3302 995 3370 consecutus,

59 3404 183 3497 optime
197 3402 310 3474 docere
331 3403 556 3473 adolescentem
573 3408 626 3494 jus
645 3405 732 3473 civile
752 3406 877 3497 potuit,
899 3419 994 3494 atque

59 3525 107 3590 ita
128 3521 272 3605 docendo
291 3527 532 3615 memoriterque
554 3523 710 3592 narrando
730 3527 789 3592 sibi
810 3525 994 3593 Ciceronem

57 3640 225 3728 devinxit,
247 3659 284 3710 ut
302 3644 327 3709 is
350 3643 518 3731 fateretur,
541 3669 593 3731 se,
617 3641 720 3736 quoad
740 3660 843 3736 posset
864 3660 895 3709 et
911 3643 992 3712 lice-

63 3803 346 3819 m

97 3880 126 3948 ι)
145 3877 222 3934 Orat.
240 3897 269 3948 p.
287 3879 370 3934 Arch.
383 3881 444 3934 cl.
490 3880 518 3950 s)
538 3881 581 3934 ct.
595 3878 701 3933 Falaris.
719 3881 789 3933 Vita
801 3881 856 3933 Cic.
869 3883 886 3947 ,6
898 3877 1002 3954 27·3²a{
1023 3941 1026 3945 ¹

864 3976 885 4036 5
