2536 4724
603 358 648 429 ’36

167 547 440 623 circumferuntur.
483 549 690 643 Interponens,
712 562 858 619 monente
878 545 1021 615 lectionis
1042 569 1105 614 sa-

166 671 287 754 notate,
306 667 469 738 mendosos
482 668 587 736 titulos
606 663 825 751 crediderunt,
842 664 1102 754 etconigeuelo-

169 815 242 858 oum
251 787 447 856 studuerunt.
476 788 636 857 Salmasius
654 785 681 855 ι)
708 785 837 878 qudem
847 807 950 852 veram
960 785 1101 854 sibilen-

168 910 284 981 tionem
300 911 415 976 eruisse
432 907 613 993 videbatur,
630 905 811 976 scribendo:
836 917 869 973 et
886 917 1006 973 cuncta
1016 909 1103 992 illa,

167 1049 253 1116 quoe
273 1026 386 1096 Cium
402 1026 526 1109 edidit,
549 1025 692 1093 Marsum
712 1037 746 1094 et
760 1026 904 1093 Aratum
923 1035 956 1091 et
974 1024 1101 1115 Alcyo-

168 1168 232 1211 nas
255 1156 287 1210 et
312 1144 470 1212 Uxorium
492 1155 526 1211 et
546 1121 670 1214 Nilum.
722 1147 814 1237 Quae
836 1142 967 1235 quidem
993 1144 1103 1230 lectio,

171 1265 229 1329 etsi
250 1263 444 1353 aliquatenus
466 1263 541 1331 ferri
562 1267 674 1357 possit,
696 1263 779 1332 istud
791 1280 894 1331 tamen
904 1263 1102 1354 hubetdiffi-

172 1382 319 1469 oultatis,
351 1381 439 1474 quoi
475 1385 586 1452 Cicero
616 1385 788 1477 improprie
822 1381 944 1451 dicotur
971 1381 1105 1451 edidisse

172 1503 324 1588 Aratum,
348 1505 437 1589 cujus
459 1518 582 1569 tantum
605 1503 741 1571 carmina
762 1503 1003 1586 Latinerertit,
1022 1526 1106 1586 non,

174 1638 211 1688 ut
230 1623 384 1707 Marium,
406 1624 590 1714 composuit.
635 1620 699 1690 Sed
723 1645 894 1714 ponamus,
916 1621 1023 1689 minus
1042 1609 1103 1688 cu-

174 1742 254 1808 riose
271 1740 437 1832 Capitolini
457 1743 551 1811 verba
570 1740 789 1835 ponderanda,
812 1765 916 1831 neqrre
936 1737 977 1807 ad
1001 1741 1106 1809 vivum

174 1885 235 1951 pro
257 1863 360 1928 acuns
381 1885 452 1927 suae
475 1862 593 1928 ratione
613 1858 777 1928 resecanda
796 1883 873 1944 esse,
894 1856 979 1925 istud
1002 1875 1108 1928 tamen
1154 1924 1156 1931 .

175 1982 291 2048 mirum
312 1998 372 2063 est,
394 2006 430 2049 ao
452 1979 668 2070 quaerendum
685 1995 796 2064 restat,
819 1981 877 2070 qui
905 1979 945 2044 sit
966 1977 1108 2064 factum,

176 2113 214 2162 ut
237 2095 416 2164 Gordianus
439 2113 636 2183 argumenta,
656 2123 674 2162 a
697 2099 846 2164 Cicerone
869 2112 956 2162 antea
978 2097 1108 2184 excogi-

177 2229 239 2279 tata
259 2229 292 2280 et
312 2231 458 2299 tractata,
483 2232 648 2308 propterea
670 2218 730 2282 sihi
752 2213 948 2284 instauranda
970 2232 1109 2310 putave-

178 2333 239 2417 rit,
260 2349 307 2398 ut*
319 2335 476 2402 Ciceronis
497 2352 638 2427 poemata
666 2336 758 2402 nimis
778 2337 906 2425 antiqua
924 2350 956 2400 et
974 2335 1113 2404 obsoleta

179 2450 369 2521 viderentur.
403 2453 500 2545 Quod
517 2479 589 2522 sane
609 2454 779 2522 absurdum
800 2472 862 2540 est,
880 2456 1052 2547 potiusque
1070 2453 1113 2523 de.
1146 2476 1155 2490 ³

178 2572 269 2642 Arati
287 2575 425 2643 versione
441 2575 574 2662 intelligi
587 2575 696 2666 placet.
738 2574 911 2643 invaluerat
928 2574 1112 2643 enimsen·

178 2691 236 2758 sim
256 2694 363 2782 opinio
382 2695 441 2759 sub
460 2696 719 2786 imperatoribus,
741 2710 855 2762 cuncta
874 2694 941 2778 illa,
961 2719 1044 2785 quae
1066 2694 1112 2761 li-

177 2811 257 2876 beri
286 2811 446 2903 republica
477 2840 494 2880 a
525 2816 729 2908 scriptoribus
758 2814 840 2880 edita
873 2813 960 2883 vele
982 2814 1115 2884 Graecis

84 3011 85 3015 Ἰ
180 2952 267 2997 uersa
292 2947 411 3014 essent,
445 2957 511 3000 non
540 2936 609 3001 satis
640 2951 724 3002 recte
752 2933 844 3000 fuisse
873 2933 1045 3017 elaborata3
1080 2952 1116 3003 et

180 3048 323 3117 vertendi
342 3050 478 3118 officium
498 3053 601 3118 minus
625 3053 767 3120 accurata
787 3053 906 3118 ratione
926 3077 1022 3141 quam
1042 3051 1112 3120 cle·

180 3169 284 3253 gantii
303 3171 449 3235 sermonis
471 3173 676 3261 conspicuum
694 3194 758 3236 esse
776 3168 899 3237 debere.
942 3173 992 3241 Eo
1006 3188 1114 3242 autem

180 3290 331 3377 processit
351 3313 421 3369 res,
443 3306 478 3355 ut
495 3291 596 3356 Taciti
618 3306 757 3381 tempore
778 3312 843 3355 non
863 3289 963 3356 solum
980 3292 1112 3378 Cicero,

69 3480 72 3484 λ
181 3407 287 3472 Livius
304 3407 434 3498 aliique,
443 3415 596 3497 priorum
614 3410 676 3476 sive
694 3418 836 3474 veterum
847 3410 936 3474 aetati
946 3408 1113 3478 adscribe-

181 3543 309 3612 nentur,
330 3524 384 3592 sed
409 3528 524 3596 Seneca
547 3530 640 3596 etiam
662 3527 829 3596 referretur
850 3525 888 3592 ad
912 3551 1023 3597 eorsum
1043 3555 1113 3597 nu-

186 3700 488 3723 *nu—.-

180 3832 184 3839 .
215 3778 242 3856 r)
264 3793 502 3861 nuncupemini
520 3799 539 3853 1.
551 3800 571 3851 l.
604 3803 655 3855 Cff.
679 3802 1113 3877 A.1'otriciusodFrogm.0ie.

178 3894 205 3942 p.
219 3898 277 3949 ¹7¹·
302 3882 423 3967 Oreiiius
441 3887 514 3953 Opp.
532 3889 590 3942 Cic.
610 3899 629 3943 t.
646 3892 696 3946 tv.
716 3892 746 3942 P.
759 3890 799 3941 11.
818 3909 845 3956 p.
857 3891 917 3949 566.
