2536 4724
534 396 658 460 .62

170 590 250 659 quae
268 559 417 660 praeferri
431 566 525 636 solet:
544 570 743 636 carminibus
754 563 1109 664 atinampqiorou‘eet,

169 705 274 783 potest
291 683 474 776 significare.
508 686 547 754 Id
568 691 651 754 enim
673 689 740 756 vult
757 690 1016 780 Quinctilianusa
1039 683 1107 764 itti·

171 835 245 876 nam
262 813 373 878 Cicero
392 811 427 875 in
447 811 633 878 carminibus
653 809 694 875 de
711 809 880 878 Consulatu
900 800 932 877 et
945 810 986 881 de
999 815 1105 885 Tem-

167 932 298 1024 poribus
320 932 381 997 suis
404 931 593 1022 pepercisset
619 928 692 1020 plus
718 931 777 997 sibi
806 928 990 1018 vindicam,
1023 958 1107 1026 quae

166 1067 333 1143 propterea
354 1074 419 1117 non
440 1047 598 1115 desierunt
622 1074 747 1140 carpere
770 1050 905 1137 maligni.
928 1090 975 1102 -
1019 1054 1105 1126 Eum

166 1187 269 1236 autem
286 1171 391 1260 ipsum
409 1168 575 1256 magnifice
594 1171 718 1236 sensisse
736 1168 777 1236 de
788 1165 908 1262 poetica
920 1171 1107 1261 Ciceronis,
1130 1247 1136 1263 ,

166 1304 254 1382 patet
278 1312 317 1353 ex
340 1286 522 1378 disciplinae
548 1290 694 1374 ratione,
727 1315 789 1380 qua
818 1289 984 1358 alumnum
1012 1315 1108 1363 suum

168 1407 306 1475 Plinium
324 1409 488 1474 Juniorcm
506 1407 684 1476 informavit
694 1439 705 1496 3
728 1412 784 1502 qui
802 1411 841 1476 ab
860 1411 989 1478 ineunte
1010 1429 1108 1482 aetate

167 1527 208 1596 ad
226 1530 334 1622 poesin
352 1553 384 1594 se
402 1528 582 1622 applicans,
606 1531 764 1597 Ciceronis
782 1531 979 1624 potissimum
994 1555 1106 1602 aemu-

118 1669 123 1680 ·
167 1647 255 1716 laudi
272 1672 408 1716 amorem
424 1650 579 1741 suscepit,
596 1673 730 1742 eumque
748 1651 809 1716 sibi
828 1649 1010 1743 exemplum
1020 1677 1104 1746 pro-

167 1771 282 1866 posuit.
300 1771 326 1836 ι)

212 1893 296 1959 Haec
323 1891 357 1957 in
388 1905 528 1957 veterum
558 1889 756 1956 monimentis
775 1886 815 1955 de
835 1891 998 1957 Ciceronis
1017 1892 1107 1986 poesi

168 2017 341 2083 testimonia
361 2031 491 2082 exstant.
534 2015 677 2080 Habuere
697 2013 850 2098 illisam,
884 2016 956 2105 quia
982 2003 1104 2105 integra

168 2133 208 2202 ad
220 2159 307 2202 suam
319 2150 446 2200 aetatem
457 2159 493 2201 ac
503 2132 582 2202 salva
593 2151 805 2226 pervenerunt
818 2135 976 2203 Ciceronis
988 2154 1106 2227 opera,

166 2280 320 2323 summam
344 2270 428 2320 recte
451 2251 491 2319 de
514 2277 548 2319 ea
572 2254 728 2321 sentiendi
751 2254 948 2340 facultatem,
969 2254 1102 2325 liberta-

86 2428 92 2437 .
168 2380 233 2441 tem
256 2399 329 2442 vero
358 2371 524 2462 judicandi
554 2373 601 2440 vel
634 2377 808 2441 communia
834 2391 974 2469 tempora
1000 2401 1103 2446 occu-

166 2480 303 2586 parunt,
339 2492 388 2562 vel
423 2494 536 2559 exemit
571 2491 756 2585 depravatus
789 2491 953 2582 elegantiae
987 2481 1104 2566 sensus.

168 2615 280 2682 Nostra
308 2629 411 2680 autem
439 2612 535 2679 libera
555 2613 740 2705 inquirendi
762 2617 827 2683 veri
851 2614 955 2682 studia
976 2616 1105 2685 facultas

168 2731 329 2818 destituit,
365 2735 514 2826 quoniam
544 2758 581 2799 ex
610 2750 696 2801 tanto
719 2734 879 2823 naufragio
900 2752 964 2831 tam
987 2761 1103 2832 paucae

168 2854 288 2922 tabulae
307 2870 436 2924 aetatem
458 2853 607 2922 tulerunt.
664 2855 710 2921 Ut
727 2879 801 2922 vero
824 2855 878 2921 has
902 2857 981 2949 ipsas
1006 2858 1098 2924 aesti-

169 3001 253 3045 mare
284 2976 426 3067 reliquias
456 2974 549 3062 licet,
583 2977 624 3041 ita
658 2962 694 3041 cs
719 2975 768 3041 his
793 2993 889 3043 totam
912 2979 972 3045 viri
993 2979 1100 3074 poesin

169 3097 358 3188 dijudicare,
379 3121 437 3164 nee
451 3096 538 3182 licet,
559 3120 617 3163 nec
637 3083 761 3164 videtur
779 3096 902 3162 liberale
920 3121 992 3164 esse.
1014 3100 1098 3164 Fue-

168 3235 247 3286 runt
278 3220 371 3284 etiam
404 3218 573 3285 recentiore
609 3241 701 3301 aevo,
734 3218 790 3308 qui
820 3241 858 3282 ex
889 3217 1098 3311 praejudicata

171 3337 308 3430 quadam
327 3339 473 3431 opinione
495 3338 724 3431 existimarent,
746 3360 870 3428 poeseos
891 3354 923 3403 et
946 3335 1097 3428 eloquen-

79 3498 84 3507 ·
171 3458 228 3523 tiae
251 3459 379 3526 virtutes
402 3457 436 3521 in
460 3482 560 3522 unum
584 3453 692 3521 cadere
716 3458 877 3542 ingenium
899 3482 966 3525 non
989 3482 1096 3549 posse,

170 3601 296 3669 neque,
319 3580 345 3643 si
369 3601 464 3667 quem
485 3593 594 3641 natura
613 3574 652 3640 ad
672 3576 844 3643 alterutrius
862 3579 935 3643 artis
950 3602 1098 3646 summam

170 3697 296 3783 gloriam
321 3696 483 3781 finxisset,
509 3718 547 3760 ex
569 3694 723 3785 praeclara
746 3694 882 3785 quadam
906 3697 1022 3786 ingenii
1043 3723 1096 3768 vo·

167 3877 458 3891 ——u—-n——nu——u

203 3968 232 4034 t)
252 3964 344 4034 apta.
364 3958 701 4017 1.1v.s.v.s.v11.s.
