2536 4724
605 355 665 423 100

166 535 338 618 habentes,
371 530 467 624 ipsius
481 529 597 621 potina
629 526 789 597 Ciceronis
796 548 803 571 ·’
816 525 928 595 verbis·
942 525 1098 608 nitamur,

171 656 250 746 qui,
273 669 309 719 ut
332 674 363 717 se
386 649 555 731 habuerat,
577 646 759 738 simpliciter
781 664 869 729 rem,
893 669 962 712 non
989 668 1099 734 quem·

171 770 341 840 admodum
362 794 430 835 eam
447 766 546 835 videri
569 765 710 849 volebat,
744 765 894 855 exposuit.
928 764 1034 846 Nam,
1064 776 1098 828 ut

173 893 334 975 omittam,
357 891 540 957 Ciceronem
558 909 660 976 neque
680 883 830 968 Athenis,
853 904 959 972 neque
970 883 1006 947 in
1018 881 1098 964 Asia,

173 1032 234 1079 nec
255 1030 388 1099 nsquam
407 1023 559 1071 terrarum
577 1004 670 1071 latere
680 1003 813 1084 Sullam,
835 1018 889 1067 aut
905 1003 1023 1067 evitare
1039 1023 1098 1067 sae-

175 1132 330 1205 vissimam
345 1129 411 1213 ejus
432 1127 509 1190 iram
526 1126 678 1215 potuisse,
701 1125 726 1188 si
746 1125 771 1189 is
792 1147 864 1188 eum
876 1138 1013 1188 cumsset
1030 1146 1098 1215 per-

176 1247 283 1334 sequi:
298 1266 462 1331 nunquam
474 1241 617 1333 prolecto
629 1242 845 1324 commisisset,
868 1257 907 1305 ut
925 1238 1101 1333 imprudens

183 1364 262 1428 tanti
280 1360 411 1453 peliculi
426 1385 546 1426 causam
566 1362 692 1426 subiret.
715 1362 787 1427 Esse
799 1361 883 1425 enim
895 1358 1006 1427 timidi*
1014 1359 1083 1428 solet
1092 1407 1105 1444 ,

114 1472 117 1477 ⁸
178 1478 345 1574 providere
375 1496 406 1545 et
433 1481 562 1546 aversari
584 1478 768 1570 periculosa,
812 1497 844 1546 et
874 1503 911 1546 ea
941 1478 1104 1547 detrectare

180 1602 318 1687 negotia,
340 1623 419 1690 quae
442 1623 507 1666 non
530 1597 601 1665 dico
623 1600 700 1665 vitae
723 1598 909 1683 discrimen,
941 1597 998 1665 sed
1015 1598 1103 1666 levem

179 1718 350 1788 admodum
370 1719 517 1787 offensam
546 1719 777 1809 ancipitemque
807 1717 923 1785 famam
954 1719 1104 1785 mirmur

180 1857 372 1932 suscepturo.
425 1839 471 1935 At
500 1837 601 1905 Sullae
632 1836 776 1905 dictatori
800 1855 831 1903 et
855 1836 986 1904 domino
1007 1861 1103 1904 rmum

180 1962 339 2042 resistere,
361 1974 456 2047 atque
476 1954 624 2022 adhibere
646 1957 709 2023 vim
732 1981 885 2022 summam
896 1957 1060 2041 orationis,
1075 1969 1104 2020 ut

178 2079 331 2164 justitiam
353 2079 423 2166 quis
452 2093 573 2142 tueatm·
593 2078 810 2167 insontemque
832 2093 939 2144 contra
971 2076 1106 2170 impuni-

184 2212 247 2260 tam
277 2193 434 2261 audaciam
466 2194 633 2279 defendat,
667 2199 730 2263 imo
760 2198 903 2262 abessea
934 2197 1107 2282 cogitatione

183 2312 355 2396 malorum,
378 2337 508 2403 quaere
529 2313 650 2380 fortiter
671 2333 751 2401 gesta
763 2318 802 2381 sit
822 2317 1004 2400 subiturus,
1025 2315 1107 2381 unias

184 2447 230 2496 est
255 2434 397 2499 omnium
427 2431 633 2498 honestissimi
662 2437 857 2526 maximeque
883 2433 1036 2527 intrepidi
1052 2434 1106 2500 bo·

186 2551 289 2617 minis.
344 2550 597 2618 Reformidabant
630 2555 723 2640 igitur
756 2557 851 2640 ceteri
881 2555 1023 2639 Sullam,
1055 2555 1109 2619 imo

186 2692 258 2735 vcro
281 2671 482 2736 Hortensium
500 2673 534 2735 in
555 2695 590 2736 re
608 2674 723 2764 optima
744 2675 863 2738 animus
895 2671 1059 2740 deficiebat
1076 2669 1107 2738 ¹).

188 2786 286 2876 Quod
308 2786 418 2854 videns
442 2791 570 2876 Cicero,
597 2790 789 2882 molesteque
818 2792 940 2876 ferens,
962 2787 1110 2884 parricidii

187 2931 243 2973 reo
265 2909 369 2992 negari
391 2932 484 2996 opem
507 2936 524 2974 a
545 2912 723 2995 gravissimis
746 2913 837 2995 viris,
864 2911 1045 2978 sanctissimi
1064 2905 1108 2976 ol-

133 3104 136 3110 Ι
188 3023 255 3092 ficii
295 3027 342 3090 sui
377 3033 513 3117 turpiter
545 3029 818 3109 obliviscentibus,
863 3029 971 3128 adfuit¹
1001 3051 1106 3098 conve*
1144 3056 1147 3069 ·

188 3147 287 3211 nienti
306 3143 554 3233 scadolescenti,
578 3149 748 3216 consolatus
768 3174 841 3215 eum
859 3166 924 3230 est,
946 3173 1006 3216 neo
1024 3171 1107 3215 recu·

159 3404 162 3410 ι
186 3354 215 3402 p.
236 3337 276 3390 52.
300 3338 443 3400 tereiana,
466 3338 519 3404 op.
538 3337 558 3387 1.
576 3357 603 3404 p.
622 3356 663 3391 υ.
681 3339 855 3404 uadum,
876 3342 898 3393 1.
910 3343 952 3395 60·
964 3344 1006 3394 61.
1026 3318 1106 3398 naui,

189 3424 244 3490 Op·
261 3425 280 3474 l·
299 3428 358 3496 559.
383 3427 540 3492 selloca,
563 3429 619 3495 Op.
636 3429 654 3480 l.
674 3438 692 3481 t.
713 3431 752 3483 tl.
770 3452 794 3483 a.
812 3449 840 3497 p.
858 3431 917 3501 547·
935 3430 1041 3492 linter,
1060 3427 1104 3490 op.

191 3513 356 3581 t.t.1v.,p
386 3519 443 3568 105.
472 3517 524 3571 cff.
542 3519 574 3568 de
596 3519 645 3569 bac
667 3519 879 3585 peregrinatione
911 3520 969 3571 Cic.
994 3512 1105 3573 Watrbt

188 3605 287 3655 Diatr.
313 3606 346 3655 de
374 3608 593 3658 amoenitatibus
618 3609 686 3659 hist.
703 3629 737 3658 ex
757 3611 812 3661 Cic.
826 3611 966 3677 peregrim
984 3605 1106 3659 collectit-

191 3689 360 3758 (inparergis
375 3695 491 3746 academ
514 3695 690 3766 nipaqn).
709 3696 887 3762 Tiraboscbi,
900 3697 1030 3748 Seoriad.
1044 3693 1107 3742 hill·

188 3778 262 3829 Ilal·
283 3787 303 3830 l·
322 3781 346 3833 l·
362 3780 392 3833 P·
413 3783 469 3835 lll.
485 3799 515 3850 p·
533 3783 593 3840 240,
684 3787 712 3853 ι)
732 3785 810 3836 Orat·
827 3800 879 3851 pro
898 3786 976 3836 bose·
990 3785 1105 3835 umene-

97 3860 101 3867 ’
189 3878 214 3917 t.
232 3883 249 3918 a
278 3886 339 3937 sqq.
