2536 4724
608 408 650 474 88

166 583 329 685 pertinens
353 584 454 667 civesg
478 604 510 650 v.
526 605 553 659 c,
577 578 624 648 aa
644 585 689 647 sit
708 576 877 645 viamdam
898 596 972 642 cam
989 579 1091 665 prait-

167 703 322 792 cipibus?
358 727 404 768 aa
426 701 591 793 prudenti
606 697 756 790 gerenda
791 701 835 762 sit
876 695 1092 784 respublica?

169 845 215 886 aa
233 825 378 911 sapienti
406 844 492 885 uxor
513 819 692 886 ducenda?
735 820 782 884 De
809 816 869 883 vita
891 838 966 882 vero
985 813 1091 908 puhli-

170 965 205 1008 ca
233 941 368 1031 quaestio
398 941 538 1007 universa
570 954 616 1004 est
643 937 799 1004 omnium:
814 956 820 968 ·
835 959 865 1001 v.
885 959 913 1000 c.
934 957 1022 1022 qaae
1052 912 1093 998 sit

169 1065 291 1150 optima
327 1051 541 1147 respublica?
583 1066 693 1122 atram
736 1050 996 1122 communicandi
1031 1057 1092 1118 sita

170 1201 243 1246 aum
264 1179 408 1243 omnibus
434 1181 672 1266 magistratus,
700 1195 948 1263 capesserent
977 1172 1092 1260 coasc-

170 1296 296 1362 rendi?
316 1296 406 1385 Quae
423 1294 587 1380 singulares
599 1293 789 1386 quaestiones
800 1307 836 1357 ut
846 1290 1093 1383 egregiampme·

171 1415 290 1482 hebent
313 1412 495 1508 disputandi
522 1415 718 1497 materiam,¹
742 1415 784 1477 ita
810 1435 953 1497 magnam
980 1425 1096 1504 partem

172 1550 340 1626 occupatae
357 1536 424 1622 jam
446 1533 537 1599 fuisse
567 1532 716 1601 videntur
738 1534 777 1598 ab
792 1530 1013 1617 Academicis,
1034 1554 1093 1597 non

173 1680 191 1720 a
211 1645 343 1723 Philone
360 1654 499 1746 primum
519 1677 578 1719 usu
599 1668 757 1743 receptae,
780 1649 833 1717 sed
856 1648 988 1717 naturali
1018 1673 1094 1741 quo-

175 1771 251 1839 dam
272 1797 354 1840 nexu
385 1786 471 1840 cum
491 1774 732 1864 comparatione,
754 1796 849 1861 quam
873 1769 1096 1863 philosophiam

173 1892 258 1958 inter
274 1907 305 1957 et
329 1908 428 1959 artem
450 1891 610 1957 salutarem
630 1892 782 1974 instituit,
806 1891 1000 1978 conjunctae.
1032 1892 1094 1957 Pu·

175 2009 273 2077 blicae
298 2033 370 2077 vero
390 2010 467 2076 vitae
484 2011 696 2100 quaestiones,
720 2007 807 2097 quod
828 2009 915 2074 latius
936 2024 1093 2101 paterent,

174 2129 299 2194 seorsim
333 2128 492 2211 tractavit,
530 2144 625 2217 atque
653 2126 728 2192 inde
764 2126 924 2219 peculiaris
952 2124 1095 2219 quaedem

171 2232 339 2337 ’disciplina
351 2294 361 2326 ,
372 2244 583 2343 quaepolitica
598 2245 645 2312 vel
667 2247 761 2312 civilis
779 2245 958 2331 diceretur,
980 2247 1093 2313 exstitit

175 2359 285 2450 Atque
313 2361 368 2425 ista
399 2359 529 2451 quidem
548 2363 662 2428 vomnia
688 2364 828 2433 sufficere
849 2363 1093 2456 prudentioribus

176 2480 407 2565 arbitrabatur3
431 2482 465 2546 in
493 2503 582 2546 usum
610 2505 679 2548 vero
709 2482 864 2568 vulgarem
886 2507 997 2575 operae
1024 2503 1091 2574 pre·

174 2600 254 2664 tium
277 2597 431 2682 ducebat,
453 2601 621 2685 eaomnia,
645 2625 724 2691 quae
746 2602 871 2668 uberim
887 2603 1090 2694 explicuisset,

177 2720 312 2785 breviter
334 2717 618 2810 comprehendere,
639 2736 676 2785 ut
696 2737 812 2786 certam
833 2721 868 2785 in
892 2722 1016 2808 singulis
1040 2721 1091 2786 ha·

176 2837 288 2903 herent
314 2839 548 2930 praeceptisque
579 2838 757 2907 distinctam
784 2839 979 2932 disciplinam
996 2866 1092 2936 popu-

174 2954 278 3023 luem.

222 3074 276 3143 Ad
297 3075 453 3167 liquidum
469 3080 556 3165 jam,
579 3079 611 3143 ni
629 3078 735 3163 fallor,
763 3079 977 3173 philosophiae
995 3077 1100 3148 Philo·

178 3194 286 3261 nianee
319 3198 489 3280 rationem,
530 3212 682 3287 quatenus
715 3222 781 3264 eam
799 3223 850 3264 ·ex
882 3199 993 3265 illustri
1019 3200 1110 3279 loco,

180 3317 239 3406 qui
266 3332 404 3408 superest
430 3315 515 3408 apud
540 3317 728 3401 Stohaeum,
762 3319 800 3383 ah
824 3317 977 3384 oblivione
999 3315 1110 3387 vindi*

180 3459 249 3501 care
270 3434 359 3519 licet,
381 3434 593 3525 perduximus.
638 3439 763 3527 Quam,
783 3439 844 3503 suis
865 3437 1014 3532 deinceps
1034 3437 1126 3505 locs

180 3550 362 3622 delineatam
383 3581 400 3619 a
424 3557 529 3638 nobis,
561 3557 703 3623 universo
725 3559 791 3644 jam
821 3550 993 3646 conspecta
1016 3580 1113 3625 com*

180 3670 420 3762 prehendamus.
463 3673 693 3766 Philosophiam
724 3674 831 3760 Philo,
853 3700 938 3761 non,
962 3693 997 3742 ut
1019 3675 1111 3742 feee-

182 3804 259 3856 runt
279 3807 350 3855 ante
373 3813 446 3857 eum
467 3790 663 3879 Academici,
697 3797 730 3859 in
757 3812 859 3888 partes
883 3794 1032 3887 quasdam
1052 3815 1120 3860 ss«

181 3924 298 3998 paratas
329 3907 484 3978 dissecuit.
551 3913 641 4002 Quae
671 3915 797 4007 partitio
828 3932 864 3982 ut
896 3915 1009 4010 frangit
1041 3914 1129 4001 ejnb
