2536 4724
511 343 658 429 ,aa

171 514 306 586 multum
336 515 431 604 hujus
463 512 672 583 facundissimi
704 540 740 582 ac
769 512 938 583 doctissimi
968 501 1103 583 rhetor-e

170 651 236 702 arte
255 652 287 702 et
299 636 479 728 praeceptis
498 636 533 702 iu
555 637 671 704 Graeca
689 632 824 703 dictione
843 630 971 721 adiutus
994 648 1044 700 est
1060 633 1095 701 ι1.

168 754 270 846 Quod
293 757 327 827 ei
343 781 408 824 nou
426 757 548 840 minus,
571 781 666 846 quarn
683 752 868 821 invalescens
888 752 1021 825 civitatis
1032 749 1094 827 dis-

168 876 286 970 ciplina
323 877 560 944 incitamentum
591 873 651 939 suit
682 870 722 939 ad
762 894 863 939 causas
898 870 1036 963 privatas
1065 883 1095 936 et

166 995 332 1087 publicas,
364 1018 442 1087 quas
473 1018 560 1061 nunc
588 991 716 1059 demum
744 989 842 1074 adiit,
873 978 1094 1082 suscipiendas.

169 1117 282 1207 Neque
304 1137 377 1180 vero
399 1113 569 1181 multorum
595 1111 757 1204 exemplo,
791 1127 827 1176 ut
854 1111 931 1178 vires
965 1109 1096 1185 suasio

167 1233 237 1301 foro
254 1249 429 1317 exerceret,
456 1231 497 1298 ad
519 1257 677 1300 causarum
698 1230 906 1322 patrocinium
929 1251 965 1294 se
991 1226 1095 1322 appli-

171 1353 252 1437 cuit,
274 1351 328 1418 sed
347 1369 495 1443 tanquam
522 1351 654 1433 athleta,
676 1351 761 1417 omni
777 1352 845 1437 jam
867 1365 932 1415 arte
956 1347 1095 1417 eruditam

168 1496 206 1538 ac
241 1470 345 1539 labore
381 1486 633 1555 consummatus,
677 1467 882 1536 descendebat
915 1469 953 1535 iu
992 1470 1097 1536 aciem

170 1591 299 1664 Peracta
311 1592 405 1678 igitur
416 1591 535 1683 privati
547 1615 607 1686 pro
618 1592 653 1656 P.
676 1571 810 1679 Quintio
832 1587 957 1673 caussa,
970 1587 1098 1682 publico

166 1706 288 1799 judicio
314 1709 550 1777 defendendum
580 1710 613 1778 S.
635 1709 780 1775 Roscium
807 1705 996 1782 Amerinum
1029 1731 1099 1775 sus-

163 1832 270 1923 cepit.
287 1832 393 1921 Quae,
416 1846 451 1896 ut
469 1832 534 1923 ipse
554 1831 617 1912 ait,
642 1850 729 1894 causa
751 1825 1099 1909 tautumcommenda-

169 1951 258 2025 tionis
287 1952 411 2033 habuit,
445 1966 481 2015 ut
505 1947 651 2016 nonulla
675 1962 773 2032 esset,
805 1970 884 2037 quac
913 1970 983 2014 non
1008 1944 1101 2033 digna

166 2093 227 2137 suo
255 2071 426 2158 patrocinio
453 2067 618 2135 videretur.
674 2069 829 2158 Deinceps
858 2063 934 2130 inde
963 2064 1101 2150 multae,

165 2210 246 2276 ,quas
274 2211 338 2253 uon
368 2188 471 2252 miuus
497 2185 658 2272 diligenter
678 2185 862 2269 elaboratas,
883 2200 916 2250 et
939 2199 1102 2275 tamquam

168 2306 361 2372 elucubratas
390 2304 536 2370 afferebat
562 2306 602 2373 2).

164 2491 170 2501 ,
211 2424 285 2489 Fuit
301 2422 354 2489 hic
375 2421 549 2490 studiorum
577 2448 704 2508 cursus,
727 2446 823 2514 quem
846 2423 959 2490 Cicero
979 2447 1103 2492 summa

167 2543 285 2629 ingenii
316 2543 346 2609 vi
376 2559 406 2608 et
440 2542 592 2610 alacritate
617 2545 833 2635 constantique
862 2543 968 2610 labore
1001 2568 1104 2636 usque

167 2658 208 2726 ad
231 2686 351 2743 annum
378 2665 482 2728 aetatis
507 2662 798 2744 duodetricesimum
823 2665 933 2730 tenuit.
976 2665 1023 2732 Et
1050 2689 1102 2732 sa·

168 2803 225 2864 ne,
246 2780 317 2848 licet
339 2781 463 2849 fortuna
484 2807 549 2850 non
569 2785 671 2856 nunus
692 2785 739 2868 ei,
762 2808 857 2872 quam
879 2799 992 2848 natura
1012 2783 1102 2851 fave·

168 2901 231 2985 rit,
252 2927 371 2990 quum,
390 2902 507 2968 liberali
523 2919 611 2995 patre
631 2921 737 2987 natus,
758 2903 793 2967 in
814 2899 1015 2994 disciplinam
1035 2920 1103 2970 tra-

166 3018 255 3109 ditus
278 3023 316 3086 sit
347 3023 536 3114 optimorum
559 3023 794 3108 magistrorum,
816 3036 986 3089 esttamen
1012 3021 1104 3112 quod

169 3155 267 3207 tantos
298 3143 363 3228 ejus
400 3157 526 3232 tamque
563 3140 673 3207 celeres
707 3163 902 3231 progressus,
949 3166 1031 3232 quos
1069 3143 1104 3209 in

169 3261 255 3326 omni
282 3261 395 3325 artium
422 3258 698 3351 doctrinarumque
718 3283 827 3346 genere
848 3257 1027 3326 adolescens
1051 3261 1102 3328 fe·

169 3379 230 3460 cit,
252 3376 449 3446 admiremur.
492 3377 584 3445 Illum
607 3402 680 3444 vero
704 3402 846 3461 cursum,
876 3402 973 3468 quem
993 3403 1101 3448 sumus

164 3476 284 3582 ¹secuti,
319 3525 384 3567 uon
411 3499 489 3566 solus
517 3499 635 3588 peregit
647 3525 658 3583 3
683 3495 755 3581 sed,
778 3522 851 3564 cum
873 3496 922 3562 alii
944 3496 1102 3585 fuerunt,

163 3640 248 3706 *quos
279 3634 417 3685 strenuos
440 3619 561 3684 virtutis
584 3617 758 3708 gloriaeque
782 3616 914 3683 aemulos
944 3617 1101 3706 haberet,

202 3806 230 3864 ι)
251 3797 352 3859 Bruto,
370 3815 393 3854 c.
412 3812 455 3866 90.
514 3797 541 3863 a)
562 3795 663 3863 Bruto,
684 3794 704 3843 Ι.
722 3792 741 3844 l.
761 3792 917 3858 Fabricius,
943 3794 1017 3845 Vita
1041 3795 1102 3848 cie.

168 3890 184 3956 ᾗ
201 3886 244 3939 51·
262 3903 323 3954 ΝΗ·
340 3880 509 3948 Middletou,
528 3882 552 3937 i.
570 3903 600 3953 p.
616 3886 659 3954 57.
682 3879 742 3951 s'qq·
