2536 4724
462 467 464 470 ,
527 393 547 461 t

65 585 108 634 eo
126 564 254 636 Cicero
260 568 454 660 pervenerit,
467 585 526 635 :nt-
538 593 612 651 non:
625 566 769 657 diligeret
780 567 930 657 tannim,-
951 570 1007 638 sed

65 685 683 780 intutu-atiamzaognoseeietsuoque
702 690 826 781 pretio*
837 691 1006 767 aestimaret

62 800 251 893 dilatorem,
280 807 380 876 velut·
393 811 433 876 ab
453 810 651 876 incunabulis
672 811 802 876 reseris
823 802 892 877 tota.
906 835 1001 904 repe-

63 922 177 1002 tenda:
201 921 355 1020 nobisque
375 930 434 997 tiri
455 931 588 1022 pueritia
616 947 647 996 et
673 925 907 1014 adducentis,
927 930 1002 996 lite-

63 1065 173 1112 rarum
190 1071 226 1113 ac
241 1047 469 1140 philosophiae,
490 1073 570 1140 quae
591 1075 607 1114 a
629 1050 753 1115 teneris.
764 1044 876 1133 coluit,
900 1045 1001 1114 studia

64 1164 260 1254 respicienda
284 1184 400 1253 ernnt3
435 1185 504 1233 tum
526 1192 600 1235 vero
623 1169 716 1234 etiam
736 1183 999 1260 praeceptorum,
1040 1233 1074 1260 ,ἱ

63 1305 144 1370 quos
165 1284 200 1349 in
221 1287 339 1352 artibus
362 1285 619 1378 philosophiaque
643 1287 911 1354 excellentissimos
936 1285 998 1351 ha-

62 1400 152 1484 buit,
177 1402 332 1490 Archiae,
353 1405 513 1490 Philonis,
535 1405 683 1491 Diodoti,
707 1405 881 1489 Antiochi,
904 1405 1014 1472 Posi·'

64 1519 173 1606 donii,
194 1540 369 1590 accuratam
388 1525 534 1591 exhibere
555 1527 708 1593 rationem
727 1525 897 1617 oportebit.
931 1522 998 1590 At-

22 1654 27 1665 '
64 1639 240 1708 tendendae
266 1643 359 1711 etiam
385 1643 651 1734 aestimandaeque
681 1645 772 1710 nobis
802 1643 905 1710 nullae
932 1666 998 1709 non

61 1760 146 1827 vitae
166 1737 413 1852 opportunitates
434 1780 550 1846 erunt,
579 1765 697 1854 quibus
721 1763 760 1828 ad
782 1761 999 1856 explicandam

60 1878 251 1965 singularem
279 1896 405 1945 naturae
433 1879 570 1948 indolem
597 1880 726 1945 feliciter
749 1905 821 1946 usus
842 1897 898 1946 est.
942 1881 995 1946 Sic

61 1994 193 2065 demum
220 1999 310 2065 nohis
338 2023 403 2065 non
432 2016 555 2064 tantum
584 2022 765 2085 cognoscere
795 2000 997 2082 Ciceronem,

60 2133 214 2208 tanquam
241 2125 484 2205 Φιλοπλάτωναι,
513 2117 566 2184 sed
589 2120 702 2203 ctiam,
726 2116 814 2208 quod
836 2117 997 2206 inprimis

60 2252 256 2328 spectamus,
278 2234 318 2302 ad
342 2236 467 2328 plenam
489 2242 686 2326 comptonam
708 2239 781 2324 q'ns
800 2239 997 2326 intelligen-

15 2420 18 2425 .
62 2360 144 2422 tiam
170 2361 534 2446 interpretationemque
557 2355 711 2448 proficere
739 2356 853 2423 licebit.
896 2357 995 2439 Nam,

61 2474 152 2564 qnod
182 2477 224 2541 ait
256 2476 487 2564 Quinctilianus
512 2478 560 2559 ¹),
594 2478 774 2568 expressisse
809 2477 994 2542 Ciceronem

60 2597 126 2658 vim
147 2593 388 2678 Demosthenis,
413 2598 536 2685 copiam
557 2592 732 2678 Platonis,
755 2594 915 2660 Isocratis
923 2595 991 2679 jn·-

25 2799 29 2805 ,
60 2713 281 2798 ennditatnn,
304 2730 341 2780 ut
364 2715 503 2780 universe
526 2736 635 2780 verum
663 2729 728 2796 est,
757 2713 800 2777 ita
815 2710 905 2777 illud
933 2737 992 2780 ve-

58 2832 237 2916 rissimum,
261 2834 383 2924 copiam
409 2834 621 2921 virtutemque
651 2829 781 2898 dicendi
809 2833 992 2898 Ciceronem

59 2953 192 3018 maxime
213 2976 231 3018 e
251 2951 385 3019 Platonis
406 2953 529 3042 scriptis
551 2950 682 3018 duxisse.
726 2949 758 3018 A
780 2975 916 3040 quorum
935 2975 987 3015 as-

58 3068 148 3137 sidua
167 3071 297 3137 lectione
318 3097 355 3138 ac
371 3072 609 3163 pertractatione
628 3095 728 3160 quum
740 3044 993 3160 uunquamcesJ

59 3206 161 3273 earet,
188 3188 242 3256 sed
270 3188 498 3276 diligentissime
518 3191 553 3255 in
575 3214 608 3255 ea
631 3213 753 3281 semper
775 3189 990 3276 incumberet,

58 3334 97 3379 eo
117 3326 229 3404 sponte
250 3309 413 3400 pervenit,
441 3325 478 3373 ut
501 3310 614 3374 inscius
636 3330 860 3400 saepenumero
879 3305 988 3372 Plato-

60 3453 135 3496 nem
166 3446 235 3496 tum
264 3430 298 3493 in
328 3425 516 3511 scribendo,
558 3443 625 3493 tum
660 3451 732 3495 vero
762 3428 796 3491 in
830 3422 992 3511 cogitando

60 3546 374 3643 philosophandoque
401 3547 570 3612 imitaretur
596 3548 648 3630 2),
684 3545 854 3613 dictionem
887 3561 989 3611 autem

96 3762 123 3830 1)
142 3765 204 3813 rm.
223 3765 300 3813 orn.
317 3757 336 3811 1.
354 3760 391 3812 x.
410 3778 433 3813 ο.
447 3776 472 3811 1.
539 3725 573 3826 ἢ
588 3756 720 3828 osanna.
737 3757 784 3811 tt.
802 3762 844 3811 u.
858 3759 991 3822 ratitos,

64 3859 95 3900 ut
112 3850 235 3920 ubique,
260 3852 346 3902 etiam
377 3851 407 3901 in
435 3849 575 3902 scribendo
605 3851 637 3900 de
654 3846 837 3919 philosophia
858 3847 991 3899 Platonis

66 3938 188 3990 mmnlua
205 3938 325 3990 exstitit.
