2536 4724
613 414 656 514 ⁵⁰

166 594 236 661 nius
259 593 294 659 in
320 592 380 659 rita
402 588 565 672 Terentii,
583 587 612 655 ι)
640 608 723 679 quae
750 588 816 674 ejus
840 588 970 654 nomine
994 586 1113 675 sertor,

167 713 311 783 utravis.
355 713 520 798 Leguntur
540 707 587 775 ibi
606 705 643 772 hi
663 729 786 791 versus,
806 703 882 774 inde
901 703 1014 777 ducti:

174 946 177 962 Ι
240 892 281 942 Tu
299 904 425 959 quoque,
446 886 495 956 qui
511 883 590 934 solus
606 882 679 932 lecto
697 899 838 945 sermone,
861 883 978 934 Terenti
987 915 997 945 ‚

190 982 194 987 ⁴
240 989 403 1038 Conversum
420 999 632 1053 expressumque
648 982 755 1030 Latina
771 998 835 1031 voce
852 981 1047 1034 Menandrum

236 1087 275 1136 In
293 1084 382 1135 medio
401 1080 506 1152 populi
526 1081 632 1131 sedatis
650 1079 763 1130 vocibus
779 1079 877 1147 ffers,

242 1181 388 1251 Quidquid
406 1197 480 1231 come
497 1178 631 1250 loquens,
652 1196 686 1230 oc
700 1180 796 1231 omniu
812 1178 908 1230 dulcio
924 1178 1032 1232 dicens.
1050 1179 1080 1248 n)

178 1358 294 1427 Versus
321 1354 358 1423 hi
387 1355 500 1448 procul
539 1353 638 1422 dubio
676 1354 819 1442 longioris
860 1357 1006 1423 caminis
1043 1381 1115 1451 pars

153 1492 269 1561 -sunt,
296 1500 361 1567 quo
382 1501 462 1542 num
477 1473 621 1568 pluribus
641 1472 747 1540 laudes
771 1477 914 1542 Terentii
932 1494 1115 1570 persecutns

175 1596 238 1679 sit,
262 1596 318 1661 etsi
350 1620 420 1663 non
447 1594 586 1686 liqueat,
618 1610 723 1659 tamen
752 1612 879 1662 movent
906 1597 1117 1689 suspicionem

176 1714 227 1782 ills
253 1713 395 1783 Suetonii
424 1716 537 1798 verba,
569 1714 707 1781 versibus
728 1715 913 1806 praemissae
943 1713 1062 1783 θέσαν
1081 1721 1118 1785 is

176 1833 310 1902 Limone
336 1836 494 1901 haetenus
522 1833 651 1900 laudm.
695 1833 802 1922 Quare
831 1831 927 1902 credo
952 1834 1005 1904 vel
1028 1837 1118 1906 exci-

178 1951 257 2043 disse
280 1952 454 2045 quaedam,
476 1952 525 2022 vel
546 1954 654 2020 omissa
682 1952 823 2021 consulto
846 1977 919 2022 esse.
961 1956 1119 2025 Carminis

180 2073 309 2140 titulum
338 2063 523 2167 'suspectum
557 2072 668 2138 habuit
705 2071 881 2157 Schottus,
918 2075 1122 2167 conjecitque

179 2189 349 2278 legendum
367 2179 529 2259 Libonem.
548 2190 576 2259 ³)
623 2187 687 2258 Sed
716 2190 807 2259 lectio
835 2191 966 2280 vulgaris
996 2192 1123 2263 videtur

214 2435 244 2504 ι)
263 2434 296 2487 C.
316 2433 343 2484 5.
393 2435 421 2499 n)
443 2432 564 2484 Praefert
586 2432 713 2485 Olivetus
734 2435 862 2505 liquens,
881 2434 981 2489 docens
996 2437 1076 2491 istud
1096 2444 1125 2492 et

178 2504 359 2593 virgilianum
379 2537 452 2585 esso,
472 2528 499 2572 et
519 2521 672 2590 significare
694 2521 745 2584 id,
766 2523 839 2590 quod
862 2525 895 2575 ab
917 2525 1037 2578 Horatio
1063 2527 1124 2587 l‚1.

180 2613 234 2680 Ep·
253 2611 338 2664 xlx.
354 2609 436 2664 uli.
454 2628 570 2663 manure
586 2611 697 2663 dicitur.
733 2608 858 2665 Imitatus
885 2622 928 2665 est
959 2615 1127 2671 Ciceronem

181 2702 318 2755 Ausonius
337 2700 366 2751 in
386 2700 557 2767 Protreptico
573 2701 606 2751 ad
624 2709 758 2768 nepotem.
790 2701 883 2770 Edyll.
897 2703 949 2758 lv,
961 2705 1048 2762 uos.
1058 2726 1130 2778 sqq,

255 2794 296 2843 Tu
315 2807 440 2860 quoquc,
461 2791 509 2859 qui
526 2791 642 2841 Latium
659 2790 731 2841 lecto
749 2807 886 2855 sermone,
910 2796 1048 2862 Terenti,
1111 2815 1114 2819 ·

189 2862 192 2867 Ι
256 2880 363 2940 Cumis,
384 2886 413 2928 et
429 2879 582 2928 aelstrictus
595 2879 740 2948 percurris
751 2879 868 2948 pulpita
883 2899 981 2946 socco,

255 2967 304 3019 Ad
320 2983 393 3016 nova
409 2967 455 3015 vix
473 2983 617 3017 memorem
633 2966 758 3018 diverbia
775 2986 839 3036 coge
854 2981 1003 3022 senectam.

220 3057 249 3126 ὅ)
272 3056 303 3106 lu
324 3056 546 3108 NodisCiceron.
568 3055 589 3109 l.
608 3055 665 3108 lli·
682 3075 706 3108 c·
725 3072 769 3110 ro·
787 3057 833 3108 uti
853 3058 934 3111 dicit:
955 3077 970 3107 n
983 3061 1133 3118 Ciceronis

182 3147 337 3215 poematica
361 3142 552 3209 intercidisse,
582 3144 656 3213 quod
678 3145 793 3197 Limone
811 3148 882 3213 apud
904 3148 1047 3202 Donatum
1071 3155 1131 3220 (vel

189 3237 363 3304 Suetonium)
382 3233 558 3298 inscribitur,
581 3235 764 3289 observatum.
790 3234 863 3305 Quia
878 3255 944 3303 vero
962 3238 1131 3296 Terentium

184 3327 326 3382 Comicum
343 3324 503 3377 Orator-ibi
521 3323 682 3376 laudandum
700 3334 875 3392 susceperat,
894 3344 908 3376 a
925 3331 1002 3396 cujus
1017 3333 1130 3386 assidua

183 3415 301 3470 lectione
327 3415 436 3466 minime
463 3413 635 3465 abhorruisse
660 3431 702 3465 res
732 3417 789 3483 ipsa
813 3417 927 3481 clamat,
947 3418 1078 3487 equidem
1097 3422 1129 3475 iu

184 3521 241 3556 eam
260 3505 322 3558 reni
341 3503 520 3565 senteutiam,
545 3509 575 3554 ut
593 3502 670 3554 unius
687 3503 783 3555 literae
805 3505 990 3559 immutatione
1008 3510 1132 3565 Libonis

185 3594 294 3644 nomine
323 3591 526 3643 inscribendum
551 3598 695 3658 putorem,
726 3610 787 3644 cum
808 3595 838 3644 in
867 3597 952 3664 gentis
979 3595 1130 3652 'i'ereutiao

184 3680 292 3733 laudem
308 3698 414 3732 carmen
431 3687 569 3748 pangeret.
605 3680 751 3732 'l'erentius
772 3683 842 3734 enim
859 3683 933 3737 Libo
951 3686 1129 3757 Fregellanus

183 3772 235 3824 fuit
255 3778 355 3838 poeta,
377 3771 410 3820 ad
432 3788 511 3838 quem
530 3777 557 3819 et
578 3768 663 3822 libros
684 3771 724 3825 M.
744 3773 891 3826 'l'ereutius
909 3776 998 3831 Varro
1015 3779 1143 3835 misisse.

183 3854 255 3912 douo
280 3861 401 3925 dicitur,
429 3873 545 3931 quorum
572 3861 689 3929 primum
718 3863 811 3916 laudat
836 3864 996 3934 Macrobius
1022 3867 1043 3920 l.
1067 3869 1127 3925 111.

183 3951 241 4004 Sat.
259 3967 284 4003 c.
301 3949 368 4003 ι8.”
385 3958 388 3963 “
569 3949 572 3955 ’
