2536 4724
511 401 546 466 ll

60 586 163 663 atqua
175 556 363 664 exspectatio
380 575 554 657 excitabat3
579 571 715 638 stimulos
727 596 798 652 vero
809 576 938 661 majores
948 574 989 640 il-

59 688 158 757 lustre
168 693 206 758 G.
215 692 325 777 Marii,
340 692 507 785 municipis
525 691 588 776 sui,
608 682 827 759 contendentis
838 689 877 758 ad
892 693 994 785 prin--

60 809 594 902 cipatu1n5errcmplumadmovit.⁴
628 811 715 879 Nulli
740 813 854 878 iccirco
879 836 992 904 parens

58 933 202 1021 pepercit
233 955 324 998 curae
357 947 410 998 aut
438 931 555 1015 labori,
588 947 623 996 ut
659 948 723 996 tam
752 917 895 1022 optatam
917 934 995 1001 vine

58 1040 134 1114 snae
158 1049 350 1132 felicitatem,
372 1066 499 1142 temque
522 1050 690 1119 honestum
708 1049 879 1117 industriae
896 1034 991 1141 prae-2

59 1157 163 1237 mum
186 1168 353 1262 aliqnando
375 1187 618 1261 consequeretur
637 1171 684 1239 ¹l.'
727 1231 729 1235 Α

98 1289 145 1361 ln
166 1291 274 1356 Marco
282 1290 395 1356 autem
411 1340 421 1374 ,
440 1292 557 1377 majore
576 1306 651 1356 natu
669 1288 754 1374 filio,
769 1274 871 1363 statim
888 1288 993 1356 eluce-

59 1407 184 1474 bant·a
208 1409 313 1499 pueris
341 1410 496 1477 virtutum
527 1410 614 1474 initia
641 1392 969 1499 praestantissimarum
981 1437 993 1495 3
1087 1461 1088 1466 η

55 1523 222 1612 'ingenium
248 1534 339 1613 acre,
370 1528 492 1614 sollers,
522 1545 564 1595 et<
581 1526 702 1614 docile3
739 1529 870 1621 impiger
899 1546 994 1621 atque

60 1646 162 1715 alacer
183 1649 323 1731 animus,
344 1666 490 1741 promtus
514 1666 546 1716 et
567 1665 691 1742 paratus
715 1673 837 1742 semper
862 1631 900 1715 ad
922 1647 994 1714 dis-

61 1765 223 1852 cendum,
237 1783 278 1833 et
296 1766 458 1835 adrerum
476 1769 536 1836 sibi
561 1739 742 1836 traditarum
764 1749 997 1856 intelligentiam

59 1885 198 1954 naturali
218 1888 359 1953 acumine
380 1889 443 1954 sine
466 1888 526 1954 ulla
548 1889 613 1954 fere
635 1890 829 1955 cunctatione
854 1903 908 1953 aut
930 1890 995 1954 im-

61 2004 247 2098 pedimento
265 2007 458 2098 perveniens.
490 2010 648 2074 Praeterea
669 2009 765 2099 pietas
786 2031 925 2088 summa,
941 2010 997 2073 in-

62 2148 182 2212 genuus
201 2124 305 2216 pudor
326 2143 356 2192 et
377 2125 494 2195 candor
516 2129 609 2194 animi
633 2130 749 2216 ingenii
780 2126 874 2194 decus
901 2126 998 2195 dece-

63 2247 163 2329 bant,
180 2246 322 2336 vitaeque
342 2245 598 2314 consuetudinem
615 2246 997 2335 commendabatsingula-

62 2363 107 2431 ris
126 2387 249 2431 morum
267 2365 472 2433 mansuetudo
493 2383 524 2432 et
542 2349 681 2459 spectata
697 2367 785 2435 fides.
824 2370 893 2463 Qui
908 2371 998 2437 enim

62 2507 131 2550 non
150 2484 314 2583 amabilem
337 2482 429 2550 fuisse
458 2502 624 2574 putemus,
659 2513 775 2578 quem,
807 2490 880 2579 ipsis
907 2489 998 2576 longe

63 2603 322 2687 antecellentem,
344 2603 421 2672 adeo
442 2629 508 2672 non
529 2604 647 2674 invidia
673 2607 811 2699 aequales
823 2625 854 2674 et
868 2591 995 2675 condis-

65 2723 164 2817 cipuli
184 2725 358 2818 petebant,

169 2845 211 2895 Ut
227 2845 331 2894 medius
343 2844 500 2910 juvenum,
521 2846 577 2896 non
598 2846 812 2916 indignantibus
833 2849 934 2916 ipsias

194 2946 285 3006 iret,
304 2951 332 2994 et
352 2945 487 3008 interior,
510 2945 537 2996 ei
557 2954 734 2997 comeranus
755 2947 841 3000 erat?

68 3043 130 3134 qul
165 3067 237 3111 vero
275 3068 356 3115 non.
379 3046 549 3139 impigrum
569 3063 617 3117 ‚et
650 3062 796 3130 acutum,
837 3069 933 3136 quern
963 3063 1000 3113 ut
1100 3038 1109 3060 '

63 3157 311 3246 demirarentur,
332 3160 511 3261 frequentes
536 3163 674 3247 scholam
697 3163 820 3230 adirent
841 3165 998 3244 commili-
1025 3156 1027 3162 ⁵

65 3279 180 3348 tonum
200 3286 368 3372 parentes?
382 3285 424 3350 ²).
996 3260 997 3263 Ἴ

108 3401 219 3491 Itaque
238 3419 405 3494 postquam
427 3426 466 3470 ex
486 3401 650 3486 domestica
673 3400 874 3488 educatione,
902 3429 997 3496 qulam

102 3580 132 3650 ι)
152 3578 284 3633 Omittam
300 3581 403 3633 referre
419 3580 522 3633 fabulas
540 3581 573 3632 de
588 3579 702 3632 nutricis
718 3582 862 3645 vaticinio,
881 3572 999 3652 aliasque

69 3669 188 3733 similes,
216 3677 281 3739 quas
292 3689 325 3722 ex
335 3671 379 3723 aui
390 3673 446 3724 aevi
458 3672 648 3738 superstitione
659 3678 781 3723 accurate
793 3672 880 3724 ubivis
890 3690 999 3726 narrare

70 3758 232 3812 Plutarchus
246 3760 323 3814 solet.
368 3760 432 3832 Quo
449 3762 528 3814 etiam
543 3764 678 3829 pertinere
694 3761 817 3828 videtur,
837 3763 911 3836 quod
926 3765 998 3818 idem
1078 3807 1079 3810 ,

72 3836 166 3901 auctor
189 3849 285 3901 deinde
306 3869 329 3903 c.
344 3851 371 3906 5.
401 3853 434 3904 dc
455 3852 552 3922 Pythia
572 3870 587 3904 a
610 3853 741 3905 Cicerone
765 3855 885 3907 consulta
906 3857 999 3912 tradit.

73 3935 277 3996 ctutiddtnon
287 3939 311 3996 1.
321 3957 351 4010 p·
360 3956 455 4014 70.71.
488 3949 520 4018 a)
533 3942 606 3998 Plut.
617 3961 639 3998 c.
648 3960 674 3999 2.
686 3940 857 4000 onumen.
863 3945 899 4000 V.
906 3964 944 4004 vs.
953 3945 997 4000 65.
