2536 4724
630 371 673 439 80

167 543 201 609 in
232 543 327 610 animi
359 558 467 610 natura
500 545 688 613 subobscura
718 569 754 612 as
784 541 945 612 recondita
973 540 1105 613 nidmu-

169 676 238 743 tur,
268 659 450 753 explicanda
479 663 543 729 sint
573 686 590 728 e
619 663 757 756 corporis
789 660 921 728 humani
953 636 1103 732 sbdeau.

171 778 234 847 Sed
257 805 356 872 quum
394 782 559 872 utriusque
580 782 643 848 sint
661 781 738 849 mala
768 779 986 849 dissimillimas
1010 799 1103 851 natu·

168 923 241 986 rae,
265 902 429 968 curationis
451 925 578 992 qnoque
599 925 694 988 genus
717 898 875 969 diversum
895 899 1101 993 utriquead·

167 1018 344 1087 hibendum
367 1036 423 1088 est.
466 1018 521 1086 Ad
552 1017 721 1087 curandam
739 1020 834 1107 igitur
860 1019 1000 1112 corporis
1020 1018 1098 1090 vale-

167 1138 312 1207 tudinem
332 1164 380 1205 ars
403 1141 528 1207 inventa
549 1155 594 1206 est
619 1137 737 1206 medica
750 1186 761 1222 ‚
774 1136 814 1219 ad
834 1136 1014 1207 curandum
1030 1139 1096 1206 ani·

168 1279 256 1324 mum
283 1257 487 1350 philosophia.
531 1255 629 1345 Quod
651 1255 782 1348 quidem
800 1258 869 1344 jam
890 1254 1096 1346 quodammo-

167 1373 245 1444 doa
276 1378 492 1464 vetustissimis·
508 1374 705 1470 pbilosophis
729 1376 875 1444 Graeciae
905 1377 1098 1445 observatum

166 1493 237 1562 hait.
282 1496 409 1562 Etenim
429 1495 491 1563 hoc
511 1494 685 1562 habebatur
707 1497 743 1561 in
765 1494 938 1563 Democriti
967 1512 1095 1564 senten·

168 1615 240 1699 tiis,
262 1621 393 1701 ἰατρικὴν
423 1623 482 1700 μὲν
510 1619 645 1698 σώματος
673 1620 788 1692 νούσους
809 1614 972 1694 dotatae.
994 1619 1097 1702 σοφὰν

170 1740 202 1805 δὲ
224 1738 329 1820 ψυχὴν
350 1741 447 1804 παθῶν
476 1739 680 1820 duatpalrlat.
724 1733 843 1801 Verum
873 1731 969 1820 hujus
1002 1731 1096 1802 brevis

170 1852 331 1944 praecepti
365 1853 430 1919 vim
463 1875 589 1918 omnem
615 1876 650 1920 ac
673 1851 823 1918 rationem
852 1848 968 1917 deinde
990 1849 1032 1918 dc
1047 1850 1095 1917 in·

170 1954 289 2037 susm
308 1971 447 2038 socrates
468 1986 500 2037 et
520 1970 629 2054 nato,
645 1969 788 2039 sanun
803 1968 991 2057 argencos
1012 1945 1094 2040 aom-

170 2091 337 2182 parationis
358 2112 432 2171 usu,
444 2091 487 2156 ita
498 2087 731 2180 amplificarunt
748 2103 964 2174 struxerunt,
984 2105 1023 2155 ut
1033 2089 1095 2177 jam·

170 2233 236 2274 non
265 2206 419 2297 amplius,
452 2204 530 2299 quid
562 2205 706 2274 docendo
736 2208 855 2298 assequi
878 2206 1016 2292 vellent,
1036 2207 1092 2275 ob·

170 2349 297 2393 scurum
326 2342 430 2410 esset,
477 2324 532 2391 sed
566 2340 627 2393 tota
655 2325 779 2395 illorum
821 2324 985 2419 disciplina
1015 2324 1093 2418 quati

171 2460 282 2536 sponte
302 2447 336 2510 in
357 2443 581 2537 discipulorum
593 2445 696 2513 oculos
719 2461 987 2538 conspectumque
1006 2445 1090 2514 teni·

171 2580 240 2647 ret,
273 2581 388 2655 atque,
427 2589 492 2655 quo
520 2566 732 2632 institueretur
763 2566 941 2658 proposito,
976 2584 1093 2656 quaque

172 2685 288 2750 ratione
313 2683 542 2776 perficeretur,
574 2683 662 2752 facile
688 2685 860 2774 unicuique
885 2685 1090 2752 innotesceret

171 2801 321 2894 Exempla
348 2801 477 2895 quidem
497 2803 593 2890 hujus
612 2806 768 2872 universae
786 2807 912 2872 rationis
933 2825 1092 2896 qttaerere,

172 2920 335 2988 infinitum
354 2939 419 3008 est3
443 2923 529 2990 citius
546 2948 602 2991 nos
620 2921 776 3011 diligentia
799 2940 831 2990 et
851 2925 990 3009 ammus,
1006 2944 1090 3016 quem

173 3042 262 3132 copia
280 3039 439 3110 deiiceret.
462 3043 667 3136 Quapropter
686 3045 756 3110 satis
779 3043 949 3131 hahemus,
971 3045 1088 3113 Plutar-

174 3157 270 3226 chum
299 3161 447 3241 excitare‚
472 3162 580 3252 quiin
600 3164 830 3253 quaestionibus
851 3164 1037 3233 Platonicis:
1061 3168 1088 3233 nl

174 3287 234 3366 γὰρ
258 3287 411 3365 σώματος,
433 3281 476 3345 ait
489 3264 506 3359 ,1
528 3289 546 3362 ἡ
568 3287 742 3368 Σωκράτους
767 3287 905 3369 ἰατρεία,
932 3294 1037 3372 ψυχῆς
1060 3287 1088 3354 δὲ

174 3396 208 3474 ἦν
227 3404 353 3469 ὑπούλου
373 3404 423 3468 καὶ
443 3406 655 3486 διεφθαρμένης
674 3407 822 3486 καθαρμός
843 3401 882 3470 ι).

217 3516 304 3581 Patet
335 3515 433 3600 hinc,
474 3539 539 3606 quo
563 3519 638 3605 jure
663 3515 784 3586 dicatur
814 3520 905 3590 Philo
923 3521 1087 3591 Socraticus

211 3759 350 3827 1)Wytt.
371 3759 442 3811 Bibt.
468 3760 538 3810 erit.
568 3759 632 3812 vot.
653 3761 709 3814 lll.
734 3759 763 3812 P·
793 3760 815 3810 l.
836 3779 864 3829 p.
885 3780 926 3832 ²9·
944 3754 1091 3815 ematis

176 3859 227 3921 mei
250 3859 330 3915 luitis
354 3857 426 3910 Phil.
444 3856 512 3912 Ptat.
529 3857 600 3910 vat:
614 3858 636 3910 1.
655 3878 683 3927 p.
700 3860 736 3911 tto
751 3876 810 3926 sqq.
