2536 4724
608 363 652 431 94

169 563 204 607 ce
233 536 390 620 dicerem,
424 559 527 628 neque
549 536 660 624 corrigi
687 554 829 631 possem,
859 563 968 632 neque
998 539 1096 613 doec&

167 658 196 724 ri
224 655 297 722 1).'’
340 655 411 724 Alio
443 654 519 723 item
552 653 642 724 loeo:
677 681 699 723 »
727 655 861 726 Diodoto
884 657 967 751 quid
989 658 1096 732 bonu

165 778 293 847 Stoico?
337 801 434 870 quem
456 755 593 869 epue'ro
620 775 748 845 audivi?
792 778 850 869 qui
873 802 1003 849 mecum
1021 782 1094 851 vivit

167 915 214 966 tot
239 903 361 968 annos?
394 897 451 986 qui
473 895 592 962 habitat
610 894 697 988 apud
711 900 799 966 ,mei
822 922 919 988 quem
936 915 969 967 et
989 898 1092 969 aduri·

166 1035 270 1086 roret
296 1017 391 1105 diligo
417 1013 506 1084 2)ἷ”’
538 1018 656 1082 Rursus
681 1015 721 1083 de
744 1018 825 1085 veria
844 1020 910 1106 ejus
930 1017 1093 1091 domim

167 1134 355 1205 »Diodotus
375 1135 496 1203 Stoicus
516 1159 620 1203 caecus
640 1135 754 1203 multos
769 1160 865 1205 annos
888 1155 1012 1208 nostrae
1034 1138 1092 1209 do·

166 1257 211 1321 mi
230 1255 315 1322 vixit.
358 1254 387 1319 Is
408 1277 499 1338 vero,
523 1250 611 1347 quod
629 1251 777 1321 credibile
798 1254 850 1321 vix
873 1271 973 1342 esset,
996 1281 1093 1349 qum

167 1376 201 1441 iu
231 1373 426 1467 philosophia
454 1371 553 1441 multo
582 1373 674 1440 etium
705 1373 799 1460 magis
825 1371 972 1459 assidue,
1003 1399 1095 1467 qm

166 1511 275 1580 antea,
297 1508 488 1576 versarctur,
510 1508 542 1558 ct
568 1490 811 1582 quumfidibus
835 1493 1096 1586 Pylbagoreorm

167 1636 253 1681 more
274 1630 432 1697 uteretur,
455 1637 617 1703 quumque
640 1612 668 1677 ei
685 1610 760 1679 libri
781 1630 889 1682 noctes
908 1613 1030 1684 et'dies
1047 1615 1093 1685 lo·

168 1751 334 1841 gerentur,
357 1735 471 1824 quibus
483 1733 517 1798 in
528 1730 637 1798 studiis
655 1731 750 1800 oculis
771 1757 836 1800 non
854 1735 985 1821 egebat:
1001 1751 1095 1820 stum,
1129 1788 1133 1799 .

169 1853 256 1945 quod
276 1855 343 1921 sine
363 1852 459 1921 oculis
477 1852 547 1919 fieri
565 1875 653 1946 posse
673 1853 725 1949 vix
748 1850 897 1939 videtur,
917 1856 1097 1942 geometrice

167 1992 282 2043 munus
319 1977 486 2058 tuebatur,
530 1973 630 2041 verbis
661 1975 853 2064 praecipiens
887 1972 1095 2075 discentibus,

170 2094 276 2177 unde,
299 2119 383 2184 quo,
407 2116 563 2183 quamque
585 2091 697 2158 linem
714 2092 887 2161 scriberent
902 2094 943 2162 ὅ).
955 2097 979 2129 ”

213 2212 362 2281 Excrdtus
391 2213 484 2299 igitur
515 2211 575 2276 fuit
600 2211 725 2280 abhoc
758 2229 959 2307 praeceptore
986 2215 1096 2283 suoin

171 2331 313 2414 musicis,
335 2331 369 2396 in
390 2331 599 2417 geometricis,
630 2331 664 2397 in
686 2331 863 2418 dialectica,
894 2336 1096 2428 universeque

171 2453 207 2519 in
231 2450 428 2545 philosophia
458 2450 570 2518 Stoica.
622 2452 748 2541 Quibus
772 2469 875 2520 tamen
907 2453 1004 2521 rebus
1023 2477 1097 2549 per·

171 2572 277 2640 multis
300 2589 332 2638 et
354 2572 470 2658 magnis
489 2570 627 2662 qrumvis
649 2569 829 2662 quotidiana
853 2596 982 2662 quoque
1010 2592 1098 2641 uoce·

172 2691 261 2758 deret
283 2685 477 2760 declamairdi
497 2688 704 2776 consuetudo,
739 2707 775 2757 ut
803 2690 868 2757 fere
899 2691 991 2760 vacui
1017 2707 1096 2759 tem·

173 2815 394 2905 poris,-nequc
412 2809 523 2877 adalia
545 2808 689 2878 obeunda
713 2811 853 2898 negotia,
872 2835 978 2901 neque
988 2809 1031 2878 ad
1039 2829 1095 2877 're-

174 2931 347 3000 [iciendum
378 2931 536 3016 animum,
564 2932 617 2999 vix
639 2928 815 3022 quidquem
836 2929 983 2998 relictum
1008 2926 1095 2999 vide-

175 3071 281 3136 retur,
315 3067 418 3118 tamen
446 3049 486 3116 ad
517 3048 718 3119 scribendum
751 3048 843 3116 simul
866 3073 898 3116 se
927 3047 1099 3144 applicuit,-

168 3191 208 3245 ct
226 3173 320 3241 libros
343 3172 511 3239 rhetoricos
540 3171 676 3237 instituit
706 3193 894 3263 componere
918 3169 961 3238 ⁴).
1013 3167 1097 3258 Quot

178 3353 458 3371 Μ

212 3467 239 3534 ι)
260 3466 343 3517 bruto
360 3479 383 3515 c.
400 3476 446 3531 9⁰·
512 3460 541 3530 ι)
562 3455 645 3512 Acsd.
663 3457 683 3509 l.
702 3455 744 3510 11.
760 3474 785 3509 c.
802 3455 845 3508 35·
914 3455 942 3525 5)
962 3453 1046 3510 Tunc.
1061 3448 1095 3504 V.

179 3555 222 3625 39·
239 3554 291 3608 eff.
307 3551 434 3615 Tacitus,
453 3549 535 3629 Dial.
551 3550 585 3601 de
602 3551 683 3600 Orat.
701 3564 725 3598 c.
746 3545 792 3597 so.
809 3543 916 3597 Fabric.
944 3547 1016 3597 Vita
1042 3541 1093 3593 cic.

181 3646 260 3716 §Me-
287 3641 444 3702 Corradus,
472 3658 501 3707 p.
518 3639 563 3691 30.
588 3636 741 3700 Wielrud,
770 3634 825 3699 Op.
845 3635 864 3687 Ι.
888 3652 915 3701 p·
935 3651 979 3688 ιι.
1005 3626 1095 3685 Ench.

179 3737 313 3806 Encycl.‚
333 3743 352 3786 t.
371 3733 470 3786 xvn.
486 3748 515 3797 p·
532 3746 592 3784 ιιι.
608 3746 669 3799 227.
686 3735 706 3778 t.
724 3723 819 3776 XXV·
836 3741 864 3790 p.
882 3723 942 3795 295.
1010 3723 1040 3793 4)
1057 3718 1094 3770 Do

170 3810 260 3879 *orae
284 3824 308 3879 1.
326 3840 350 3875 c.
368 3841 396 3877 ι.
422 3817 575 3885 Corradus,
598 3834 627 3887 p.
650 3814 712 3871 255.
737 3811 902 3879 Sebutzius,
921 3811 1049 3882 Prologg·
1063 3803 1095 3859 ad

182 3914 247 3968 libr.
263 3912 348 3966 Rber.
367 3908 423 3963 cic.
469 3965 472 3971 ,
