2536 4724
330 918 333 923 ·
412 873 669 984 'orror
735 912 787 979 u.

288 1287 291 1291 ¹
450 1280 455 1292 f
498 1221 540 1269 nn
564 1219 733 1268 armanno

200 1354 228 1409 .'
316 1378 334 1385 .,
388 1340 605 1391 rmosormru
624 1337 847 1388 arcanorum:

564 1429 669 1507 roura.

496 1718 500 1730 ¹
535 1721 708 1754 *ooo-

200 1882 312 1986 Haud
326 1939 398 1982 sane
417 1939 497 2004 opus
515 1917 593 1997 erit,
627 1933 664 1982 ut
690 1914 781 2003 longi
805 1916 1011 2009 disputatione
1032 1939 1082 2000 eo,

158 2057 241 2126 quae
274 2032 382 2101 ultimo
419 2034 481 2101 hoc
510 2037 612 2124 capite
643 2033 776 2103 dicenda
793 2053 887 2119 sunt,
919 2060 1083 2126 exponan-

164 2169 227 2217 tur.
270 2154 349 2218 Nam
373 2155 400 2218 si
431 2170 516 2220 recte
543 2169 659 2219 nostras
689 2170 721 2218 et
749 2155 936 2220 instituimus
957 2152 1082 2246 disqui·
1124 2185 1127 2194 ¹

165 2271 288 2357 sitiones
306 2288 338 2336 et
356 2270 395 2337 ad
414 2271 513 2338 finem
535 2270 643 2354 ferd-1·
655 2274 752 2354 imus,
765 2275 905 2363 patebit,
929 2274 962 2338 ni
981 2272 1086 2353 fallor,

166 2392 336 2475 contiuuo,
367 2393 571 2480 praecipuum
602 2415 666 2456 esse
697 2393 916 2459 Ciceronianae
942 2391 1083 2480 philoso-

162 2507 259 2597 phiae
274 2509 413 2594 sontem,
435 2509 662 2602 philosophiam
680 2511 823 2583 Platonis.
868 2513 1006 2592 Verum,
1030 2526 1086 2593 ut,

161 2625 425 2715 quemadmodum
445 2653 482 2694 ex
507 2629 560 2696 illo
586 2629 671 2695 fonte
699 2629 832 2696 Platonis
865 2629 998 2706 hauserit
1026 2631 1109 2695 Ci-x

162 2770 257 2827 cero,
272 2760 376 2836 pateat
404 2748 512 2828 nobis,
534 2772 601 2813 rem
631 2746 724 2839 paulo
745 2745 921 2834 diligentius
942 2772 1086 2840 perpen-

163 2863 283 2930 damus.

198 2981 260 3067 'Ac
278 2983 419 3073 primam
447 2979 576 3072 quidem
604 2983 665 3049 hcc
686 2983 1019 3067 animadvertendum,
1048 2989 1091 3054 sio
1134 3072 1136 3076 Ι

166 3102 329 3194 proiecisse
339 3103 520 3167 Ciceronem
533 3125 550 3166 e
565 3102 624 3167 scri
627 3103 689 3190 ptis
700 3102 853 3186 Platonis,
879 3119 914 3169 ut
927 3105 1091 3167 tamenin·-

168 3245 294 3287 numera
305 3220 555 3309 aliorumscn‘pta
566 3220 833 3310 philosophorum,
844 3245 923 3312 quae
932 3223 1093 3293 exstabant

170 3344 235 3430 ejus
255 3357 347 3406 aetate
363 3390 374 3424 ,
392 3366 456 3407 non
478 3316 652 3426 negligeret.
684 3342 755 3407 Huc
767 3343 775 3404 i
777 3343 861 3429 psius
869 3343 1092 3432 spectabatin-

166 3462 330 3539 stitutionis
348 3462 443 3541 ratic,
465 3483 544 3549 quae
551 3458 700 3546 ejusmodi
722 3461 820 3526 suerat
831 3508 841 3543 ,
853 3476 889 3524 ut
911 3460 946 3525 in
963 3459 1094 3545 singulas

170 3578 318 3668 deinceps
340 3577 526 3645 diversarum
546 3579 728 3645 familiarum
743 3580 909 3644 sententias
921 3576 1095 3644 adducerem

171 3717 242 3781 tur,
262 3701 498 3788 varietatemque
509 3695 666 3764 doctrinae
682 3696 846 3779 ,adhibito
862 3695 982 3783 judicio
1003 3711 1096 3788 atquc

172 3816 316 3903 delectu,
335 3816 374 3883 ad
394 3817 561 3902 elegantem
579 3818 656 3896 vitae
678 3813 983 3906 philosophandique
1008 3839 1100 3880 usum

170 3935 423 4029 accommodares,
468 3904 578 4025 ltaque
590 3925 778 4037 Crantoris,
799 3933 959 4020 Philonia,
980 3933 1097 4002 Antia-
