2536 4724
516 442 563 516 et

71 630 167 707 quam
203 631 288 699 recte
321 613 405 683 illam
422 630 426 635 ’
444 612 531 686 aliter
581 616 737 708 explicam
772 615 998 705 studuerimus,

69 758 130 821 ca,
149 759 235 827 qttae
263 751 460 826 sequuntur,
487 735 677 825 probabunt.
721 735 820 829 Apud
841 738 1001 808 Platonem

69 857 308 945 novimus,qua
328 855 445 928 ratione
462 853 601 931 Socrates
622 856 655 918 in
678 853 821 922 Phaedro
832 858 999 948 pristinum

66 976 244 1045 emmorum
264 988 399 1056 statum,
421 971 735 1064 depravationemque
753 1000 791 1041 ac
811 974 998 1043 vicissitudi-

31 1157 32 1161 ,
64 1116 124 1161 nes
153 1091 370 1185 proposuerita
406 1090 493 1182 quod
523 1093 579 1158 etei
602 1093 725 1183 poetica
754 1111 838 1160 tum.
855 1098 1001 1165 suavitate

63 1211 248 1286 exhilararet
272 1225 506 1298 argumentum,
547 1227 651 1280 tamen
691 1213 882 1282 verissimum
918 1214 1000 1302 fuit,

66 1331 156 1424 quod
183 1348 215 1398 et
241 1332 287 1398 ibi
311 1332 491 1399 memoravit
512 1347 544 1396 et
575 1349 680 1424 postea
709 1335 804 1420 magis
827 1333 999 1428 explicuit,

65 1474 126 1542 per
160 1448 389 1542 philosophiam
419 1447 636 1523 reducendum
668 1449 829 1521 hominem
864 1477 926 1520 esse
958 1453 999 1520 ad

66 1594 134 1638 eam
147 1566 377 1653 conditionem,
400 1593 494 1658 quam
521 1571 657 1662 turpiter
675 1572 835 1656 amisisset,
855 1596 999 1662 quaeque

67 1689 127 1756 nai
143 1687 344 1756 similitudine
358 1688 577 1755 contineretur.
612 1690 692 1758 Vera
717 1689 820 1757 autem
841 1692 900 1757 Dei
918 1715 998 1783 per·
1091 1740 1093 1745 ,

66 1805 245 1883 fecuocum
263 1807 435 1898 sapientiis,
458 1822 527 1873 tum
544 1807 609 1874 vite
625 1808 714 1874 beati
736 1809 884 1875 cernitur.
907 1811 997 1875 Cen·

66 1927 155 2002 rebat
171 1927 265 2014 igitur
278 1924 387 2009 Plato,
408 1948 457 1992 eos
470 1975 480 2009 ,
493 1927 548 2016 qui
566 1925 778 2018 philosophiae
793 1950 920 2020 operam
936 1953 997 1995 na·

66 2037 196 2130 varens,
216 2069 282 2112 non
299 2046 419 2114 incerto
436 2044 561 2112 consilio
579 2045 725 2112 fluctuari
743 2061 905 2136 oportere,
924 2053 997 2120 aar:

66 2163 125 2237 ἕνον·
147 2171 255 2239 σκοπὸν
287 2171 317 2236 ἐν
342 2172 383 2251 τῷ
412 2169 469 2251 βίον
495 2169 596 2250 ἔχειν,
626 2165 658 2235 οὗ
688 2169 924 2252 στοχαζομένους
952 2171 1000 2236 δεῖ

66 2281 194 2355 alsam
211 2285 352 2366 πράττειν
371 2282 393 2353 ἓν
411 2287 451 2353 ἂν
469 2285 638 2368 πράττωσιν
656 2287 717 2368 ἰδίᾳ
734 2311 769 2351 ra
789 2285 840 2352 aa>
855 2287 995 2370 δημοσίᾳ.
1100 2314 1103 2318 ’

15 2414 19 2427 “
67 2399 224 2475 Futurum
249 2398 354 2482 enim,
375 2415 411 2466 ut
433 2400 489 2491 qui
510 2400 628 2465 sincero
642 2419 745 2466 amore
757 2415 999 2490 prosequeretur

67 2523 228 2605 Φνόννσνν,
250 2543 331 2610 quae
359 2544 421 2585 una
449 2503 695 2585 ceteris'excellit
709 2518 875 2584 virtutibus
889 2520 996 2586 omni·

67 2636 148 2721 bus,
171 2661 301 2728 nmque
316 2636 483 2727 aliquando
502 2634 634 2728 adeptus
651 2651 743 2720 esset,
754 2637 919 2722 grathsima
939 2661 996 2704 or-

67 2773 196 2835 naretur
225 2760 330 2825 beatae
351 2759 430 2825 vitae
457 2757 727 2840 remuneratione,
749 2753 848 2824 divini
869 2779 997 2847 prorsus

68 2879 206 2965 muueris
229 2903 265 2945 ac
287 2877 433 2945 beneficii
451 2876 579 2944 honore.

109 2998 194 3064 Cum
227 2997 288 3064 hoc
312 3021 384 3065 vero
405 2994 617 3088 philosophiae
640 2992 706 3063 fine
726 2992 818 3060 Philo
840 2993 998 3062 connectit

67 3115 173 3186 locum
191 3115 231 3184 de
255 3118 418 3202 vitis,sive
435 3114 562 3183 devitae
582 3115 756 3200 generibus.
777 3112 995 3203 Quemadmo-
1052 3165 1053 3168 ,

67 3235 144 3314 dum
179 3239 272 3328 quis,
303 3238 431 3329 inquit,
464 3249 653 3325 recuperata
672 3232 798 3300 sanitate
832 3246 997 3298 contentus

66 3380 132 3428 non
159 3343 242 3441 erit,
275 3355 329 3425 sed
355 3353 509 3448 quaedam
536 3368 703 3446 praecepta
728 3366 856 3443 poscet,
880 3350 996 3442 quibus

66 3501 138 3551 eam.
160 3478 264 3560 tueri,
287 3478 488 3567 corporisque
519 3473 643 3539 firmam
669 3493 847 3539 conservare
875 3463 995 3536 valetu-

66 3598 175 3667 dinem
194 3597 310 3690 possit,
333 3596 375 3661 ita
404 3597 438 3660 in
458 3596 517 3661 vita
536 3615 663 3684 quoque
684 3589 839 3681 praesidiis
861 3587 997 3680 quime

65 3713 139 3791 dam
165 3707 243 3809 opus
274 3732 336 3800 est,
372 3716 487 3806 quihus
509 3711 723 3806 philosophiae
745 3711 789 3778 vis
818 3710 998 3778 stabiliatur.

63 3833 135 3910 Iam
160 3836 239 3909 uitae
255 3837 334 3903 ratio
353 3832 471 3928 duplex
492 3852 559 3918 est,
584 3831 624 3899 de
652 3859 716 3923 qua
735 3847 860 3918 agatur,
883 3832 995 3922 priva·

63 3967 98 4029 ln
120 3967 160 4031 nl
191 3954 338 4050 publiea:
362 3951 402 4023 de
432 3954 553 4047 privata
577 3953 716 4042 qmestio
733 3967 778 4018 est
795 3947 835 4016 ad
862 3946 995 4036 singulos
