2536 4724
602 369 661 438 tot

166 522 384 629 carthaginem
414 539 618 611 difficillimus
648 541 741 611 hostis
771 545 984 610 Romanorum
1016 543 1111 628 suit„

165 659 254 726 etad
275 677 402 754 turpem
436 659 643 728 desectionem
670 684 725 749 spe
741 675 810 727 ,aut
840 661 931 727 armis
963 663 1101 729 nationes

162 782 315 848 excitarit.
359 780 560 847 Sucoubuere
581 779 677 867 hujus
693 778 815 849 ¹insidiis
840 781 975 847 civitates
995 782 1097 848 Grae-

164 901 246 983 ciae,
267 901 404 989 exceptis
426 900 581 984 Magnesia
605 915 636 964 et
654 898 803 982 Rhodo,
827 923 906 988 quae
939 915 970 964 et
1002 898 1101 968 fidem

162 1018 327 1101 Romanis,
350 1034 382 1083 et
399 1017 576 1084 Mithridati
606 1017 823 1089 fortitudinem
845 1044 931 1086 suam
961 1036 1101 1110 praesta-

162 1138 270 1204 bant..
308 1138 383 1204 *Ubi
417 1139 598 1229 percrebuit
633 1137 728 1225 hujus
765 1141 810 1204 rei
839 1138 917 1203 sama
942 1138 1101 1221 Athenis,

164 1279 277 1343 magna
301 1254 465 1347 trepidatio
492 1257 572 1341 suit,
607 1283 643 1324 ao
674 1258 783 1323 festina
803 1258 981 1325 deliberatio
1000 1259 1100 1342 facta,

168 1374 247 1468 quid
277 1377 312 1441 in
345 1399 379 1440 re
408 1374 529 1468 perdita
551 1375 724 1463 agendum,
757 1377 844 1469 quod
866 1379 968 1444 salutis
985 1380 1100 1472 persu-

165 1499 252 1585 gium
282 1512 358 1562 esset
391 1495 615 1586 quaerendum.
655 1499 812 1587 ‚Quamvis
845 1497 983 1566 Rhodios
1007 1522 1099 1566 reve-

165 1613 265 1681 rentia
288 1613 421 1678 nominis
439 1615 570 1680 Romani
595 1617 790 1681 continuerat
812 1617 846 1681 in
868 1616 985 1698 officio,
1007 1613 1099 1681 etad

164 1730 380 1824 repellendum
407 1732 626 1803 Mithridatem
653 1735 857 1817 excitaverat,
892 1735 1099 1802 Athenienses

164 1847 349 1919 defecerunt
372 1853 482 1918 animis
501 1850 729 1942 degeneresque
756 1876 788 1917 se
819 1879 835 1917 a
867 1853 1020 1939 majorum
1044 1855 1103 1923 in-,

166 1972 246 2055 victa
278 1973 450 2040 constantia
484 1971 697 2040 ostenderunt.
762 1974 860 2038 Primi
888 1996 927 2037 er
957 1973 1102 2039 omnibus

165 2093 294 2161 Graecia
323 2092 435 2180 legatos
450 2090 490 2158 ad
510 2091 725 2159 Mithridatem
744 2094 916 2176 miserunt,
939 2110 976 2158 ut
995 2095 1020 2158 is
1041 2094 1103 2161 sibi
1200 2171 1205 2178 ⁸

164 2213 248 2279 bene
270 2211 383 2296 vellet,
417 2213 637 2280 obsecraturos.
694 2214 733 2278 In
761 2212 809 2278 his
830 2213 948 2282 Aristio
974 2215 1104 2305 Epicu-¹

163 2355 255 2416 rena,
300 2355 398 2423 quem
431 2330 631 2409 Mithridates
672 2357 744 2398 cum
777 2333 884 2399 ceteris
928 2333 1030 2420 legatis
1067 2349 1100 2399 et

164 2449 245 2519 lecta
280 2477 376 2517 manu
415 2451 534 2517 remisit
565 2451 727 2536 Athenas,
772 2455 875 2543 specie
920 2450 1100 2533 deducendi

165 2593 203 2638 oo
225 2569 392 2653 thesauros
410 2596 448 2638 ex
475 2571 575 2656 Delo,
598 2596 730 2639 revera
759 2589 795 2638 ut
822 2572 904 2640 hanc
931 2574 990 2640 sibi
1017 2575 1098 2640 viam

165 2687 207 2757 ad
243 2689 458 2782 occupandam
494 2694 606 2759 urbem
638 2693 784 2759 muniret.
850 2694 916 2761 Nec
948 2685 1005 2758 diu
1043 2694 1099 2760 ista

147 2809 290 2878 ,oonsil'm
328 2812 572 2897 ignorabantur3
618 2827 650 2877 et
680 2838 780 2903 quum
808 2815 876 2901 jam
907 2811 1098 2898 Archelaus,

164 2930 266 3017 regius
296 2931 492 3021 praefectus,
528 2933 671 3000 Piraeum
702 2934 878 3016 invasisset,
911 2932 1010 3021 longis
1040 2935 1098 3004 iti-

165 3051 294 3117 neribus
322 3047 363 3116 ad
399 3053 518 3118 Urbem
552 3051 635 3118 Sulla
673 3050 783 3119 adfuit.
848 3055 948 3141 Cujus
982 3071 1027 3134 -utn
1057 3050 1101 3127 ad.

165 3194 252 3237 aures
283 3169 425 3237 nefariae.
458 3170 642 3262 proditionis
682 3171 760 3238 fama
799 3175 964 3265 pervenit,
1007 3196 1097 3237 exse·

167 3307 269 3358 cratus
303 3292 351 3357 vir
382 3293 539 3358 Romanus
582 3309 644 3357 tam
679 3308 804 3384 turpem
835 3294 874 3358 ab
916 3295 952 3357 iis
988 3290 1097 3358 desec-

166 3411 304 3492 tionem,
345 3436 421 3508 quos
449 3411 601 3478 cumulata
631 3410 783 3478 beneficia
816 3413 1005 3497 obstringere
1027 3396 1118 3478 vic-¹

167 3529 205 3597 tis
231 3527 432 3614 debuissent,
464 3532 572 3597 exarsit
596 3531 643 3596 ira
665 3528 884 3616 etobsidione
916 3533 1012 3612 cinxit
1037 3557 1095 3601 ure

168 3647 241 3731 bern
264 3666 296 3715 et
326 3652 476 3718 Piraeum.
533 3653 616 3718 Haec
658 3650 735 3718 dum
763 3653 911 3744 parabat,
944 3653 1097 3719 atrocissi-

167 3791 250 3837 mam
272 3769 469 3862 tyrannidem
489 3772 522 3836 in
542 3773 620 3837 urbe
636 3773 796 3848 exercebat
816 3772 954 3857 Aristio,
976 3799 1011 3839 ac
1032 3798 1096 3864 po*

170 3888 240 3958 titus
275 3913 382 3960 rerum
407 3893 548 3960 omnium
574 3881 692 3985 copiis,
721 3915 831 3992 egenos
860 3885 964 3976 eires,
987 3871 1099 3987 opibus
