2536 4724
627 378 648 441 6

168 545 209 614 ad
241 564 385 617 ornatum
415 551 530 637 ingenii
562 550 754 642 copiamque*-
775 547 934 619 dcctrinae
954 547 1104 642 pertine-

167 689 202 733 re
235 671 386 735 censebat.
434 670 508 737 Non
531 669 646 736 mirum
667 671 799 753 iccirco,
828 667 892 735 hac
922 663 1105 758 praeditum

169 803 279 853 natura
307 791 476 877 juvenem,
507 789 555 854 his
586 789 744 857 excultum
770 788 887 855 artibus
906 802 939 854 et
959 784 1107 877 discipli-

172 907 240 991 nis,
276 884 355 998 quae
388 909 507 998 optime
536 907 655 995 fingere
688 909 783 975 animi
812 906 956 974 habitum
984 904 1106 990 solent,

170 1042 328 1116 praeterea
359 1028 574 1113 magistrorum
604 1025 775 1118 prudentii
806 1028 1036 1114 gubernatum,
1059 1021 1109 1090 ‘ad
1138 1029 1143 1036 ’

168 1145 382 1238 philosophiae
402 1144 506 1212 studia
526 1145 702 1213 incredibili
723 1167 825 1212 amore
846 1146 1011 1212 incensum
1024 1166 1108 1236 per-

172 1264 298 1330 venisse.
353 1265 443 1354 Quae
479 1288 589 1357 quum·
615 1267 672 1358 ipsi
707 1288 745 1331 ex
779 1264 919 1331 fontibus
951 1262 1110 1347 Platonis,

118 1426 120 1435 ·
174 1404 241 1449 non
258 1406 296 1448 ex
313 1381 458 1452 deductis
476 1383 551 1450 inde
570 1384 675 1453 rivulis
695 1381 844 1471 gustanda
864 1381 1009 1466 daretur,
1027 1405 1110 1472 per-

172 1488 247 1567 inde
267 1503 296 1567 ei
317 1525 380 1568 esse
403 1500 532 1587 debuit,
554 1529 591 1570 ac
612 1505 638 1569 si
660 1502 882 1571 accenderetur
907 1501 1110 1590 ingenii-lu-

176 1641 270 1705 men,
301 1618 485 1711 alteriusque
509 1622 587 1689 vitae
608 1623 755 1714 coepisset
776 1622 862 1687 initia
887 1619 994 1689 ordiri.
1038 1621 1111 1688 Ha·

178 1739 275 1804 bitare
306 1741 347 1805 ab
379 1739 441 1807 hoc
462 1739 538 1806 inde
563 1759 701 1833 tempore
726 1743 760 1806 in
780 1765 814 1806 ea
837 1740 973 1825 solebat,
987 1725 1027 1805 et
1049 1736 1112 1807 ad-

179 1859 283 1924 mirari
314 1859 498 1946 singularem
536 1861 628 1953 plane
663 1857 918 1951 philosophandi
944 1858 1115 1943 rationem,

181 1980 271 2068 eujus
309 1981 409 2048 omnis
440 1983 475 2045 in
514 1977 710 2046 emendando
743 1979 869 2045 homine
902 2002 977 2043 cura
1009 1999 1125 2044 versa--

182 2113 243 2163 tur.
287 2099 327 2163 lu
350 2122 383 2163 ea
407 2115 511 2165 antem
532 2097 727 2190 philosophia
748 2098 911 2188 perspicue
934 2096 1039 2162 omnia
1061 2095 1117 2161 vi-

182 2213 278 2283 debat
315 2219 470 2308 exposita,
509 2240 588 2306 qnae
628 2233 682 2282 aut
722 2240 787 2282 non
818 2231 903 2282 recte
932 2230 1119 2307 perceperat

184 2350 292 2420 antea,
323 2333 377 2401 sed
401 2334 614 2420 divinaverat,
646 2352 699 2402 aut
722 2337 851 2402 omnino
874 2359 939 2400 non
958 2357 1119 2427 percepe-

184 2469 253 2538 rat,
285 2453 357 2520 sed
374 2454 518 2522 obvoluta
536 2457 537 2461 ’
556 2456 690 2522 tenebris
723 2471 755 2521 et
789 2453 915 2521 confusa
947 2451 1120 2540 intelligere

185 2570 370 2666 desperaret.
425 2575 565 2642 Omnino
588 2573 707 2642 devita
729 2590 761 2640 et
781 2575 938 2656 moribus,
967 2570 1008 2637 de
1033 2571 1119 2659 legi-

186 2691 246 2757 bus
274 2717 310 2758 ac
342 2716 376 2758 re
408 2693 552 2786 politica,
574 2694 738 2787 inprimis
761 2690 801 2759 de
823 2716 941 2758 summa
962 2693 1120 2778 ingenua-

186 2833 260 2878 rum
289 2812 402 2879 artium
432 2814 635 2905 praestantis,
681 2810 721 2878 de
753 2810 885 2879 vitandis
916 2808 1123 2898 effugiendis·

189 2953 251 3022 que
279 2932 358 2999 vitiis
388 2948 419 2998 et
448 2931 671 3025 prosequendis
707 2933 871 3000 virtutibus
902 2929 1025 3021 placita
1044 2927 1121 2995 diss

188 3051 286 3116 tincte
312 3048 510 3142 dilucideque
537 3051 689 3122 elaborata
715 3051 899 3119 inveniebat.
954 3051 1037 3115 Haec
1067 3046 1122 3114 ille

187 3170 291 3236 omnia
323 3186 427 3236 mente
461 3169 656 3237 considerans
688 3187 719 3236 et
752 3166 1016 3261 comprehendere
1046 3184 1120 3235 stn-

187 3286 285 3373 dens,
317 3286 431 3382 quidni
461 3289 691 3382 philosophiam
711 3290 795 3366 illam
815 3291 968 3380 optimam
993 3287 1123 3358 vivendi

187 3403 320 3492 ducem,
359 3410 415 3499 qui
456 3426 559 3476 autem
600 3434 667 3476 eam
704 3408 879 3476 tradidisset
917 3402 1120 3496 mortalibus,

188 3525 286 3592 multo
305 3528 363 3593 sibi
384 3529 525 3595 omnium
546 3529 734 3596 carissimum
756 3545 985 3618 cognatumque
1010 3529 1122 3596 existi-

187 3648 305 3711 maret?

231 3763 366 3848 Verum,
388 3789 452 3856 quc
473 3764 549 3834 haec
571 3767 696 3834 uberius
716 3766 904 3860 pleniusque
926 3790 1123 3865 cognoscan-

187 3900 239 3948 tur
251 3931 262 3970 ,
289 3905 417 3974 quoque
446 3900 547 3975 pateat
574 3888 685 3972 magis,
715 3887 829 3976 quibus
856 3886 944 3975 qrusi
973 3883 1125 3972 gradibus
