2536 4724
611 392 652 464 63

153 578 277 646 'rieate
294 571 431 646 eundem
451 573 486 640 in
504 571 596 640 altera
614 587 680 639 arte
697 593 787 665 passe
806 570 961 642 exaltare.
984 572 1103 650 lacuna

164 695 337 765 Petmreha
352 717 428 779 ‚ea,
438 708 476 759 ut
487 689 612 760 videtur
622 741 633 777 ,
645 693 794 784 opinione
805 692 959 780 imbutus,
968 691 1106 765 adhaesit

165 803 472 884 Senecae-'Rhetoris
496 812 686 897 senoentiae,
710 808 837 880 dicens:
861 813 888 880 Ι)
926 812 1105 905 Virgilium

167 926 420 1022 illa'feliaitaa
466 935 595 1022 ingenii
625 936 773 998 oratione
805 935 917 1000 saluta
947 936 1103 1024 reliquit,

167 1053 359 1121 Ciceronem
378 1053 564 1140 eloquentia
587 1074 651 1117 saa
672 1057 710 1117 ia
726 1054 927 1118 carminibus
946 1044 1106 1124 destituit.

164 1171 235 1241 Alii
259 1187 479 1267 compararunt
497 1194 569 1238 eum
589 1196 663 1238 cum
682 1170 832 1258 Virgilio,
853 1173 1000 1259 Horatio,
1022 1176 1106 1243 Oti-

161 1289 240 1377 dio,
277 1315 343 1358 non
378 1306 579 1384 reputantes,
613 1292 773 1358 Ciceronis
808 1291 923 1376 fuisse,
958 1317 997 1359 ex
1032 1291 1108 1362 rudi

163 1422 312 1500 'magnam
329 1428 451 1504 partem
467 1409 684 1502 indigestaque
702 1410 784 1478 mole
803 1435 920 1504 puram
943 1410 1029 1484 illam
1047 1435 1105 1481 ve-

169 1548 361 1626 nustamque
391 1531 528 1618 linguam
554 1531 708 1616 formare,
743 1556 824 1624 quae
854 1550 958 1626 posset
979 1533 1111 1604 aliorum

165 1653 268 1747 operi
288 1651 328 1719 ad
353 1653 478 1744 quaevis
499 1676 623 1743 poeseos
646 1668 679 1718 et
702 1651 863 1719 literarum
880 1635 990 1740 genera
1005 1651 1103 1721 adhi-

168 1773 250 1840 beri.
291 1774 365 1840 Non
397 1771 509 1838 habuit
540 1773 606 1859 ejus
631 1773 814 1859 ingenium,
841 1797 906 1864 quo
926 1797 965 1839 ex
988 1798 1108 1865 aequa-

168 1892 250 1963 lium
277 1894 507 1963 concertatione
534 1894 613 1960 vires
641 1915 734 1960 novas
765 1906 797 1957 et
816 1890 1001 1960 alacritatem
1020 1917 1106 1958 nan-

175 2015 367 2099 cisceretur„
389 2036 494 2104 neque
516 2014 609 2080 etiam
627 2014 763 2105 poeticae
775 2010 912 2080 facultati
922 2036 960 2080 eo
971 2029 1112 2102 tempore

172 2149 277 2200 tantus
291 2133 412 2218 honos,
436 2149 572 2223 quantus
591 2134 711 2201 Horatii
722 2133 904 2224 Virgiliique
915 2149 1031 2221 aetate,
1050 2133 1111 2200 tri·
1161 2138 1164 2143 ’

170 2251 338 2320 buebatur.
362 2254 452 2343 Quae
466 2251 712 2339 considerantes,
731 2253 942 2346 improbamus
957 2255 1111 2323 Montanii

168 2368 351 2460 judicium,
378 2373 406 2440 2]
441 2370 529 2464 quod
559 2375 602 2440 ita
633 2372 724 2458 tulit,
755 2375 843 2464 quasi
873 2372 1112 2466 deperditorum

173 2492 370 2574 carminum,
400 2515 489 2576 non,
521 2493 608 2584 quasi
627 2508 815 2560 servatarum
835 2495 974 2585 partium
995 2496 1112 2561 arbiter

175 2627 270 2682 esset:
295 2609 454 2678 laudamus
475 2636 548 2679 vero
570 2611 720 2695 volarit,
745 2599 779 2678 in
802 2628 866 2679 arte
887 2637 940 2679 sua
962 2614 1112 2705 aptissimi

172 2704 314 2820 judicis,
333 2732 537 2816 sententiam,
565 2733 645 2822 qui,
671 2733 853 2800 Ciceronem
873 2757 912 2799 ex
933 2734 1006 2826 ipsis
1028 2759 1109 2827 poe-

175 2874 240 2918 seos
272 2849 410 2941 reliquiis
440 2852 596 2918 aestimare
624 2868 782 2940 satagens,
815 2876 880 2919 non
908 2850 1062 2922 dubitavit
1082 2854 1111 2920 ei

121 3002 126 3013 ·
176 2968 281 3038 locum
303 2971 386 3036 inter
407 2972 539 3064 optimos
560 2976 616 3038 sai
635 2943 711 3038 acui
728 2989 834 3065 poetas
853 2971 1020 3042 vindicare.
1047 2976 1111 3041 Ju-

172 3086 301 3181 'dicinm
320 3088 355 3156 id
378 3089 427 3157 ille
450 3115 542 3159 suum
565 3090 776 3163 convertendo
795 3117 834 3162 ex
859 3094 949 3188 epico
977 3095 1113 3164 carmine

178 3204 249 3276 loeo
266 3204 390 3274 studuit
410 3208 606 3277 confirmare.
624 3209 651 3280 5)
684 3277 688 3285 ,

213 3434 241 3504 1)
262 3435 358 3504 Epist.
375 3437 419 3488 De
440 3435 535 3488 Rebus
558 3438 639 3490 Fam.
657 3435 678 3490 l.
699 3435 736 3488 V·
757 3435 808 3502 Ep.
828 3425 858 3506 Ι9.
910 3437 938 3506 2)
957 3435 1112 3510 Montaigne

180 3524 279 3577 Essaie
297 3522 317 3576 l.
336 3523 376 3577 ll.
392 3543 419 3591 p.
440 3525 501 3577 352.
535 3527 569 3577 Jc
586 3545 621 3577 ne
640 3527 715 3591 sois,
728 3534 862 3578 commeat
874 3545 989 3580 excuser
997 3531 1114 3586 eiceron

181 3612 292 3665 d’aaoir
318 3615 416 3665 estimc'
442 3633 476 3665 sa
498 3616 597 3686 pae'cie
621 3615 702 3685 digne
728 3615 816 3667 d'itrc
840 3617 907 3667 mise
928 3637 962 3668 en
981 3619 1115 3673 luntic're:

183 3721 211 3755 ce
228 3700 304 3754 n'est
315 3720 372 3772 pas
392 3705 497 3774 grande
524 3705 714 3777 impeffection
747 3724 799 3776 que
826 3707 859 3761 de
886 3707 945 3758 mal
959 3711 1041 3785 faire
1067 3712 1115 3764 des

177 3794 259 3855 ’φανὴ
279 3792 350 3843 mais
368 3791 439 3844 c’est
456 3794 646 3866 imperfiction
663 3796 697 3846 dc
714 3794 826 3847 n'nvoir
835 3815 893 3869 pas
907 3802 979 3850 senti
993 3800 1115 3853 cambion

186 3878 221 3932 ila
239 3882 350 3934 &taient
366 3883 493 3952 indignes
509 3885 542 3936 de
560 3883 591 3934 la
606 3884 696 3954 gloire
713 3888 745 3940 de
761 3905 812 3939 aaa
829 3905 900 3940 nom.
934 3887 961 3958 5)
981 3890 1013 3941 ln
1027 3889 1115 3944 Praei.

182 3964 316 4037 'adirem
335 3971 421 4023 Rama
436 3960 538 4023 sautia
555 3964 664 4038 plata
702 3970 816 4026 Ciciron
833 3967 909 4028 oraie'
925 3994 962 4029 un
975 3960 1029 4028 'des
1044 3995 1117 4046 pre-
