2536 4724
610 373 650 438 to

168 547 259 616 nobb
281 540 453 634 legentibus
474 559 506 610 ct
534 544 653 631 egregia
676 541 807 610 auctoris
837 542 970 612 eruditio
988 560 1021 611 et
1037 545 1097 612 atili

163 665 345 733 exercitatio
376 661 537 755 probatura
601 663 683 728 Nam
713 662 835 752 practer
863 661 921 733 ,alia
954 662 1113 756 exempla·

166 784 379 869 Graecorum,
402 783 517 874 quibus
536 782 572 846 in
598 779 857 849 scribendorum
877 797 942 862 est,
970 782 1093 852 Aristo*

166 905 234 973 telis
258 903 300 972 dc
321 902 496 994 eloquentia
516 917 681 993 praecepta
698 898 861 994 diligenter
883 887 914 968 et
939 925 1013 969 cum
1032 900 1093 969 dea

163 1022 250 1090 lec‘m
266 1020 452 1113 judicioque
472 1019 616 1087 adhibuit
633 1019 672 1089 ²).
716 1025 763 1089 De
784 1023 898 1112 quibus
914 1020 1002 1089 libris
1015 1022 1096 1095 'haec

158 1134 337 1232 jamdicta
367 1134 451 1209 cinti
496 1139 603 1232 plura,
644 1164 724 1231 quae
748 1139 788 1206 ad
823 1158 951 1209 rectam'
972 1141 1096 1210 illorum

163 1263 405 1329 aestimationem
437 1245 540 1327 'facere
572 1260 711 1352 possint,
734 1258 848 1327 deinde
869 1262 1114 1330 commemora·-

169 1383 283 1450 bimus.

209 1494 330 1570 interea
360 1514 435 1569 uero
469 1499 577 1596 laetior
607 1498 794 1592 reipublicae
824 1497 987 1598 ridebatur
1012 1522 1094 1569 cona

162 1620 246 1692 ditio
278 1621 393 1691 sutura.
436 1616 573 1688 Mutasse
603 1621 740 1686 animum
763 1618 848 1686 Sulla
881 1617 1033 1705 dictator,
1064 1635 1098 1688 et

165 1744 296 1812 amicior
320 1742 418 1810 sactus'
446 1741 592 1807 Romania
622 1737 813 1807 credebatur.
870 1739 999 1806 Sublata
1021 1741 1099 1812 ratio

162 1859 376 1952 judiciorum,
401 1883 482 1952 quae
512 1883 599 1927 causa
615 1859 714 1937 fuerat
726 1906 737 1943 ,
750 1873 797 1923 vut
818 1858 964 1946 attentius
986 1859 1098 1927 Cicero
1142 1831 1144 1842 .

161 1986 319 2072 totaeque·
333 1982 377 2046 in‘
390 1977 605 2072 philosophiae
627 1975 740 2044 studio
760 1993 1020 2063 commoraretur,
1061 1978 1097 2045 iu

166 2102 304 2171 rabilem
325 2098 468 2168 ordinem
492 2096 645 2183 redierat3
669 2096 800 2184 legeret
821 2099 959 2163 instituta
983 2095 1096 2166 viudi-

170 2223 343 2306 o‘abantur3
358 2221 474 2304 verbo,
485 2234 699 2310 recuperatam
708 2241 770 2284 esse
783 2216 1008 2308 rempublicam
1024 2233 1096 2284 om·

167 2365 224 2410 nes
249 2341 325 2408 boni
354 2339 584 2405 arbitrabantur
615 2362 651 2405 ac
679 2334 863 2424 gaudebant.
900 2337 984 2426 'Quo
1012 2351 1098 2403 terna

166 2467 270 2554 pore,
292 2482 393 2549 quum
411 2455 555 2524 induciae
573 2480 648 2523 cum
661 2454 846 2523 Mithridate
864 2455 962 2524 factae
980 2475 1097 2546 essent3

167 2579 282 2647 iterum
304 2579 436 2645 Romam
458 2576 544 2645 venit
566 2573 675 2659 Molo,
717 2598 813 2666 quem
838 2576 879 2643 ob
907 2575 1099 2667 eloquentiae

169 2688 295 2768 lahdem
322 2695 439 2766 Rhodii
465 2693 598 2783 legatum
624 2693 664 2760 ad
696 2712 836 2762 senatum
863 2697 1030 2783 miserant,
1062 2715 1098 2765 ut

168 2816 306 2911 praemia
330 2817 544 2908 impetrarent.
584 2813 648 2881 Soli
663 2816 748 2881 enim
764 2815 810 2881 illi
828 2816 864 2882 in
884 2816 1099 2888 Mithridatico

168 2935 252 3004 bello
284 2933 383 3001 fidem
407 2936 553 3002 Romanis
574 2951 766 3002 servaverant
790 2933 831 3005 2).
886 2939 1099 3008 Commoranti

169 3068 274 3122 autem
294 3057 409 3124 Romae
425 3053 547 3122 Moloni
563 3055 673 3122 Cicero
693 3053 798 3124 denuo
814 3060 941 3150 operam
962 3075 1095 3146 navano',

204 3359 232 3426 ι)
254 3355 410 3410 Aristotelis
436 3375 517 3426 opera
549 3377 644 3414 recens
667 3360 807 3415 demuma
831 3363 926 3430 Sulla,
941 3369 1099 3434 expugnatio

173 3443 309 3510 Athenio,
326 3445 437 3500 Romam
452 3458 640 3516 pervenerunt.
658 3449 724 3502 vid.
746 3451 818 3504 Plut.
839 3471 865 3507 v.
885 3452 994 3519 Sullae,
1013 3474 1037 3509 c.
1055 3459 1099 3512 26.
1136 3503 1138 3507 .
1254 3485 1255 3488 ¹

172 3535 292 3600 Strabo,
310 3537 329 3585 l.
342 3537 462 3605 Xllbp.
473 3543 534 3609 609.
553 3541 652 3592 Athon.
670 3540 772 3609 1.v.p.
784 3545 843 3597 214.
862 3544 992 3609 Braudia‚
1010 3543 1100 3601 vaber

173 3622 218 3674 die
239 3625 396 3676 Schiclroale
417 3628 466 3677 der
488 3629 609 3681 Aristot.
634 3620 758 3695 Brielter,
778 3632 966 3701 (liberantur.
985 3636 1008 3690 1.
1026 3637 1051 3690 5.
1068 3656 1097 3705 p.

173 3711 230 3765 236.
248 3719 321 3782 sqq.)
342 3714 394 3767 eff.
412 3715 518 3778 hiller,
538 3717 593 3786 Op.
611 3719 630 3772 l.
650 3727 671 3778 t.
689 3720 747 3773 lll.
763 3741 791 3790 p.
803 3723 845 3778 32.
863 3724 1022 3792 Schloceer,
1042 3727 1097 3794 Op.
1191 3714 1196 3721 ,

173 3797 193 3895 l.
211 3807 248 3945 ἰώ
254 3802 294 3855 ll·
311 3820 337 3854 α.
352 3822 376 3870 p.
391 3803 451 3857 541.
469 3822 531 3874 sqq.
599 3809 627 3877 2)
649 3811 800 3878 oppianus,
820 3816 952 3869 DeBello
969 3818 1097 3871 Mithrid.

176 3903 199 3938 e.
250 3908 337 3960 ,ηιμ
978 3913 980 3916 ’
