2536 4724
603 387 661 455 168

172 557 257 653 apud
290 572 404 623 exteras
437 559 590 643 nationes,
622 559 764 627 omnium
789 582 932 629 ammone
964 582 1091 653 perme-

171 679 257 761 huit,
277 677 326 745 his
343 675 584 769 judiciis,quae
603 703 691 746 nuuc
713 681 793 763 sint,
813 679 1091 772 pecuniosum'lro'·

172 800 310 882 minem,
333 798 471 888 quamvis
494 798 533 861 sit
556 820 690 881 nocens,
713 799 868 863 nerninem
887 772 1088 889 possedan-¹

170 917 250 983 nari.
290 918 386 983 Nunc
405 917 440 981 in
461 917 530 1007 ipso
549 914 724 982 discrimine
746 914 863 983 ordinis
880 915 1086 1003 judicium-

171 1058 235 1125 que
262 1050 455 1114 vestrorum,
477 1057 577 1123 quum
599 1036 661 1099 siut
685 1036 871 1124 parati,qui
893 1036 1086 1115 concionibus

171 1170 203 1221 et
232 1152 349 1241 legibus
378 1151 460 1219 hanc
491 1151 640 1220 invidiam
669 1169 792 1219 senatus
817 1152 1013 1237 inflammare
1027 1174 1088 1221 ὀοὁ

170 1288 410 1363 ιιεηῑιιηῳθιιε
431 1271 464 1335 in
485 1269 640 1358 judicium
663 1268 816 1339 adductus
836 1288 883 1337 est
900 1275 940 1343 C.
964 1275 1086 1355 Verres,

171 1390 267 1457 homo
297 1390 359 1459 rita
388 1405 482 1478 atque
514 1389 620 1472 sacua,
664 1391 808 1477 omnium·
821 1392 896 1478 jam
917 1392 1085 1481 opinione,

171 1503 348 1588 damnatus,
370 1507 518 1594 pecuniae
542 1506 848 1597 magnitudine„sua
870 1533 981 1600 spe-ac
998 1490 1086 1602 prro-5

171 1623 346 1709 dirutione,
379 1621 541 1695 absolutus.
596 1629 677 1695 Huic
707 1651 763 1715 ego
794 1651 929 1713 causae,
947 1626 1085 1716 jodiou,

172 1767 245 1813 eum
260 1767 385 1811 summa
409 1742 565 1815 voluntate
587 1761 620 1809 et
649 1747 873 1837 exspectatione
889 1744 1004 1836 populi
1026 1746 1086 1825 Ro-

170 1860 255 1928 mani
271 1878 357 1931 actor
376 1863 505 1937 accessi,
526 1887 593 1930 non
614 1880 651 1928 ut
673 1887 814 1953 augerem
837 1861 1086 1947 invidiamtdi·

171 1982 239 2066 nis,
260 1979 318 2049 sed
341 1997 378 2047 ut
398 1981 539 2047 infamiae
569 1984 726 2049 communi
752 2005 985 2071 suocurmremr.
1019 1978 1086 2069 Ad·

119 2104 121 2115 ’
171 2096 248 2165 duxi
288 2101 372 2165 enim
409 2098 587 2187 hominem,
629 2102 665 2166 in
696 2125 760 2191 quo
788 2100 983 2187 reconciliem
1002 2123 1091 2191 ω,-

172 2219 359 2284 timationem
376 2216 567 2304 judiciorum
595 2222 750 2302 emesam,
771 2219 873 2287 redire
906 2219 1089 2310 ingratiam

172 2360 246 2403 cum
266 2336 389 2427 populo
415 2339 574 2419 Romano,
595 2338 767 2405 satisfacere
783 2339 895 2403 exteris
924 2320 1091 2425 natioriibm

171 2454 306 2545 possetis.
349 2456 396 2519 De
419 2456 529 2544 quusi
555 2478 606 2521 vos
626 2479 728 2521 severe
747 2453 1089 2547 religioseque-judiu-

170 2571 296 2655 veritis,
317 2572 476 2637 auctoritas
502 2596 559 2655 ea,
583 2596 660 2663 quae
680 2575 714 2638 iu
734 2575 819 2640 vohis
848 2596 1009 2659 remouere
1033 2570 1089 2639 de-

169 2691 241 2774 bet,
263 2689 418 2759 haerebitr
442 2691 490 2755 siu
517 2691 604 2755 istim
640 2692 778 2775 ingentes
808 2689 931 2758 divitiae
952 2689 1091 2778 judicio·

170 2833 242 2875 rum
277 2807 453 2893 religionem
486 2810 738 2899 severitatemque
768 2807 999 2900 perfregerint,
1039 2830 1091 2895 ego

170 2925 232 2993 hoc
251 2942 352 2991 temen
369 2950 530 3018 assequar,
543 2943 578 2991 ut
588 2925 744 3013 judicium
759 2928 862 3016 potius
880 2926 1089 3018 reipublicae,

172 3070 268 3137 quam
291 3062 343 3111 aut
362 3070 431 3111 reus
446 3044 624 3132 judicibus,
645 3062 699 3110 aut
722 3058 878 3111 accusator
899 3067 954 3111 reo
974 3042 1094 3137 deluis-

168 3189 201 3231 se
219 3163 390 3233 videatur.”
434 3167 517 3233 Haec
545 3187 616 3231 sane
643 3162 828 3230 exercendae
842 3164 982 3250 justitiae
1002 3188 1090 3249 oom-

168 3283 326 3351 mendatio
349 3282 605 3374 judiciorumque
626 3281 807 3361 vindicatio,
842 3298 993 3377 testantur
1019 3283 1089 3351 ani·

167 3426 256 3470 mum
284 3402 394 3469 fortem
427 3418 458 3468 et
486 3399 674 3492 prudentem
707 3401 886 3491 patriaeque
914 3399 1088 3471 amantissi-

167 3545 273 3606 mum3
298 3521 388 3585 fluxit
407 3537 508 3585 autem
527 3521 580 3585 ista
606 3517 760 3584 sentiendi
780 3543 815 3584 ac
838 3515 993 3584 suadendi
1012 3518 1090 3586 ratio

167 3640 217 3702 ex'
240 3639 306 3729 ipsiu
329 3639 386 3704 viri
403 3640 540 3705 bonitate
572 3653 716 3722 naturae3
740 3660 848 3703 verum
869 3652 906 3701 ut
925 3636 986 3702 ient
1018 3661 1092 3704 cum

167 3753 197 3821 vi
221 3770 252 3821 et
279 3758 445 3822 constantia
478 3758 734 3843 conjungeretur,
756 3753 872 3821 factum
894 3777 957 3821 esse
981 3778 1091 3823 oense·

166 3896 234 3939 mus
265 3873 476 3966 philosophiae
501 3875 671 3945 Socraticae
700 3889 731 3939 et
759 3871 931 3939 Platonicae
962 3872 1089 3964 princi·
