2536 4724
607 360 653 429 to

166 567 216 627 su,
237 560 273 610 ut
292 544 383 612 nimis
403 541 535 612 subinde
558 569 574 609 a
596 542 721 612 Graecis
742 540 902 627 recedens,
933 553 987 608 aut
1011 559 1099 612 recte

166 678 290 730 sensum
310 688 373 730 non
396 665 582 756 percepisse,
616 678 670 727 aut
693 677 777 728 certe
797 656 916 754 purum¹
933 656 1099 728 evidenter

167 779 306 848 videatur
328 781 504 850 reddidisse.
547 782 766 850 Iccircoetiam
778 780 989 872 Capitolinus,
1011 780 1095 847 scri-

168 901 244 966 bens
261 900 302 968 de
323 901 475 971 Gordiani
497 902 669 993 proposito,
691 918 785 992 atque
808 917 844 965 ut
867 898 985 965 ferebat
1010 899 1098 964 istius

106 1110 109 1117 Ι
166 1020 261 1092 noui
280 1023 373 1106 ratio,
396 1045 462 1088 non
482 1020 569 1087 valde
590 1035 765 1087 reverenter
783 1017 823 1084 de
843 1018 996 1085 veteribus
1013 1040 1095 1109 pro·

55 1200 58 1204 .
168 1139 316 1205 nunciare
336 1139 457 1223 solitus,
488 1155 525 1204 ut
547 1155 687 1232 carperet
709 1139 926 1204 Ciceronianae
950 1135 1096 1203 versionis

167 1257 293 1341 vitium,
314 1257 526 1325 halucinatum
543 1258 633 1324 fuisse
652 1256 793 1325 Tullium
811 1274 842 1322 et
859 1256 950 1323 nimis
965 1255 1096 1346 antique

169 1377 324 1468 scripsisse
345 1379 522 1444 testabatur.
601 1429 604 1437 ,
655 1385 657 1389 ’

215 1496 336 1561 Horum
362 1497 457 1582 igitur
481 1494 669 1579 carminum,
697 1497 758 1563 sive
785 1494 835 1562 illa
864 1495 975 1562 Cicero
1006 1516 1095 1560 com-

171 1613 261 1678 muni
272 1616 397 1681 nomine
408 1613 638 1681 Phaenomenc
654 1612 783 1699 dixerit,
804 1639 858 1680 seu
875 1612 1002 1681 diversis
1022 1621 1095 1678 tan·

87 1762 92 1770 ·
171 1745 238 1796 tum
268 1731 363 1798 titulis
395 1732 513 1820 singula
545 1732 766 1827 appellaverit,
791 1734 861 1799 satis
887 1757 996 1819 magna
1026 1754 1098 1824 pars

170 1869 319 1943 superest.
360 1852 429 1920 Alia
448 1855 520 1920 item
537 1853 706 1940 fragmenta
724 1851 909 1936 ostendunt,
932 1851 1098 1918 elaborasse

169 1987 244 2038 eum
266 1973 301 2037 in
323 1971 478 2040 vertendis
507 1971 597 2041 Arati
620 1973 800 2055 Diosemeis,
837 1993 916 2061 quae
947 1993 1004 2036 cur
1027 1993 1096 2034 ma-

170 2088 269 2157 luerit
287 2090 345 2158 alio
366 2094 461 2159 verbo
489 2093 609 2159 Graeco
638 2090 852 2179 Proqnostiea
879 2111 1004 2172 vocare,
1033 2110 1097 2159 non
1129 2177 1133 2187 Ι

169 2224 298 2274 constat.
331 2209 452 2274 Interiit
468 2210 655 2277 exviromm
666 2207 830 2276 doctorum
840 2208 987 2300 opinione
998 2207 1097 2294 majus

171 2323 263 2394 Arati
290 2350 370 2418 opus
398 2325 573 2394 reconditae
599 2326 773 2412 doctrinae,
796 2337 939 2414 'Arcum
956 2326 1095 2418 inscrip-

172 2457 261 2528 tum,
294 2446 382 2533 cujus
411 2470 481 2536 pars
511 2449 672 2539 posterior·
696 2461 861 2530 Διοσημεῖοι
899 2446 1095 2528 continebat,

57 2554 68 2597 ’Ἰ
171 2563 351 2655 popularius
379 2566 494 2658 scriptu
527 2565 623 2632 etad
653 2568 730 2632 vitae
757 2567 886 2632 rusticae
908 2581 941 2630 et
963 2561 1095 2660 agricul-

78 2708 81 2715 ·
172 2699 258 2748 turae
281 2707 383 2753 usum*
402 2686 578 2777 composita.
620 2686 659 2751 In
679 2686 714 2750 iis
736 2686 820 2750 enim
838 2682 879 2749 de
897 2684 990 2770 signis
1011 2699 1093 2749 tem-

170 2817 325 2893 pestatum
345 2804 521 2894 exponitur.
563 2806 665 2872 Vertit
679 2804 755 2872 haec
767 2805 893 2887 Cicero,
915 2819 952 2868 ut
966 2799 1093 2892 quidem

169 2919 312 3005 videtur,
343 2920 533 3008 adolescens,
560 2941 592 2990 et
613 2922 735 2990 fortasse
758 2940 860 3016 postea
885 2921 1038 2988 recensuit
1054 2919 1094 2986 ¹).

210 3129 236 3194 ι)
254 3132 299 3181 De
309 3132 373 3181 nte.
386 3130 406 3182 t.
417 3132 442 3184 1.
457 3149 490 3202 7,
503 3135 536 3197 s,
549 3152 575 3204 9.
609 3137 665 3204 ΕΡ.
679 3114 817 3186 assueri.
831 3133 905 3186 11.1.
922 3100 1096 3187 txttieb.

171 3217 205 3268 cd
216 3237 296 3286 quem
306 3218 396 3271 locum
406 3221 582 3286 v.Wielend‚
597 3231 615 3274 t.
630 3225 679 3276 vt.
690 3243 718 3290 p.
730 3224 788 3293 519.
799 3221 860 3275 425.
878 3221 929 3274 cff.
942 3221 1078 3274 Corradus
1088 3254 1096 3284 ,

171 3324 200 3372 p·
212 3309 270 3362 260.
296 3311 330 3360 A.
345 3307 475 3362 Patricius
491 3314 529 3363 cd
538 3315 652 3383 Fragm.
666 3315 722 3365 Oic-
739 3331 766 3379 p.
780 3311 829 3380 175
839 3327 901 3379 sqq·
928 3307 1096 3375 Stephanus,

175 3398 244 3450 Lex.
260 3401 317 3455 Cic.
346 3417 373 3465 p.
391 3400 424 3454 68
441 3406 501 3469 sqq.
538 3404 572 3453 A.
591 3401 736 3465 Schcttus,
757 3404 834 3454 Nodi
853 3403 908 3466 Cic.
925 3399 947 3448 l.
967 3398 1021 3452 1v.
1038 3396 1098 3452 αὖ.

172 3483 294 3537 Muretus
313 3486 556 3562 Opp.t.11.p.29.
590 3491 750 3543 Tireboschi
766 3509 811 3558 op.
828 3493 875 3542 cit.
893 3490 923 3543 P.
935 3489 992 3542 111.
1010 3490 1030 3542 l.
1043 3484 1100 3543 Ill·

172 3593 201 3641 p.
220 3577 278 3645 173.
313 3576 435 3628 Alreken.
453 3598 480 3646 p.
499 3581 541 3634 66.
577 3581 718 3646 Nobbius,
740 3584 854 3652 Fragm.
874 3584 929 3633 cte.
944 3581 995 3632 Ed.
1010 3578 1101 3632 Orcll·

171 3681 199 3730 p.
213 3664 273 3716 555.
306 3665 458 3718 Middleton
471 3668 494 3721 I.
506 3688 532 3736 p.
547 3671 605 3725 256.
641 3671 742 3735 Buhle,
769 3673 826 3723 Cic.
845 3668 1098 3742 Arat.fragm.ic

172 3752 248 3805 Edit.
266 3756 343 3808 Aret.
363 3754 428 3809 vot.
450 3758 492 3812 11.
525 3759 645 3812 Grauert
663 3761 682 3813 l.
699 3761 720 3813 l.
757 3760 915 3825 Fabricius,
934 3760 1011 3816 Bibt.
1031 3762 1099 3812 hat.

155 3841 344 3915 .t.1·p·r=2p.
380 3845 473 3913 Brut,
493 3864 522 3913 p.
540 3849 599 3901 138.
1093 3834 1116 3855 Ἣ
