2536 4724
511 402 550 468 tl

57 591 125 636 nen
153 570 252 643 solum
272 575 302 641 ei
329 574 518 669 praeclaram
534 577 731 668 antiquitatis
759 578 937 653 notionem,
966 595 998 644 et

61 688 166 756 latini
195 694 345 761 sermonis
368 695 502 785 copiam
531 711 563 760 et
596 694 773 761 facultatem
813 695 996 789 suppedita-

58 809 156 895 bant,
178 809 233 877 sed
256 812 406 901 valebant·
424 813 527 880 multo
553 815 646 900 magis
676 815 768 882 etiam
790 811 830 879 ud
850 817 994 901 gravissi-

57 951 147 997 tnnm
175 931 304 1024 publice
329 925 471 1000 dicendi
486 958 611 1000 munus.
660 932 729 1001 Ad
747 933 835 1025 quod
868 951 905 999 ut
937 937 997 1000 rite·

55 1066 184 1142 paratus
204 1052 436 1142 instructusque
458 1050 639 1136 accederet,
673 1054 796 1140 etjam
822 1051 993 1119 florescen-

57 1166 124 1233 ter'n
141 1170 176 1233 in
196 1168 265 1239 soro
285 1172 485 1246 Hortensium
507 1168 602 1258 digne
621 1171 848 1257 aemularetur,
869 1177 992 1240 exerci-

56 1285 178 1355 meionis
210 1289 308 1375 gratii
334 1291 468 1382 privatas
496 1313 599 1358 causas
627 1294 780 1384 suscepitr
818 1291 864 1358 At
896 1314 991 1376 vero,

58 1429 159 1496 quum
176 1407 260 1474 vocis
280 1423 312 1474 et
329 1409 478 1500 spiritus,
508 1424 541 1479 et
562 1411 656 1476 totius
684 1412 822 1502 eorporis
845 1426 877 1476 et
896 1412 992 1503 ipsius
1057 1490 1060 1498 Ι

43 1521 180 1629 ¹linguae
198 1542 303 1594 motus
319 1543 354 1628 'et
378 1530 607 1596 exercitationes
624 1529 735 1598 laboris
751 1529 991 1616 indigerent·¹)‚

57 1663 120 1709 neo
149 1668 263 1736 parum
296 1647 439 1713 interesse
477 1664 636 1733 censeret,
682 1673 761 1739 quos
798 1651 989 1722 imitaretur,

58 1783 258 1856 quorumque
280 1766 384 1832 similis
416 1763 578 1850 evaderet,
606 1769 787 1833 intuebatur
807 1793 872 1834 non
893 1766 992 1833 solum

56 1896 211 1968 oratores,
232 1883 287 1950 sed
309 1887 400 1952 etiem
417 1889 551 1978 optimos
572 1881 799 1953 comoediae-et
824 1883 992 1971 tragoediae

55 2015 194 2086 autores,
216 2004 363 2072 Roscium
379 2019 415 2069 et
434 2004 614 2099 Aesopum,
637 2028 678 2069 ne
706 2004 789 2069 mali
817 2017 989 2069 eonsuetu—
1052 2076 1055 2082 Ι

56 2115 135 2186 dine
150 2119 191 2186 ad
215 2122 351 2213 aiiqrmm
374 2121 602 2191 deformitatem
624 2121 870 2214 pravitatemque
899 2119 990 2188 veni-

53 2254 107 2307 ret
127 2237 168 2310 2’).

73 2388 81 2399 ·
101 2357 222 2428 Eodem
239 2378 396 2454 tempore,
419 2386 485 2454 quo
501 2364 613 2440 Cicero
629 2362 718 2429 variis
736 2361 858 2426 artibus
870 2374 902 2424 et
917 2358 991 2424 lite-

53 2474 101 2546 ri'o
125 2493 262 2571 operam·
279 2482 426 2564 navabat,
449 2483 579 2546 Romam
599 2494 754 2546 venerunt
773 2476 934 2544 Phaedrus
955 2492 988 2540 et

53 2592 171 2684 Petro',
192 2590 195 2597 ²
218 2601 275 2690 qui
299 2620 372 2667 eum
397 2598 524 2666 Zenone
548 2597 678 2666 Sidonio
702 2595 840 2662 scholam
864 2596 988 2686 Epicu·
1052 2628 1053 2633 κ

52 2740 141 2787 reem
158 2720 336 2785 tuebantur.
358 2717 491 2787 Athenis
509 2734 598 2783 antea
615 2714 749 2782 docendi
767 2738 880 2779 munus
897 2736 991 2778 eren·-¹

54 2853 205 2904 euertnt«
237 2839 368 2904 Romam
389 2856 461 2904 vero
485 2834 595 2920 delati,
617 2862 634 2900 a
655 2834 850 2902 nobilissimis
872 2833 990 2900 civibus

53 2971 90 3023 et
111 2948 235 3049 excepti
253 2957 389 3049 hospitio
412 2973 444 3023 et
464 2978 575 3024 eorum
593 2951 816 3021 consuetudine
836 2951 884 3019 usi
906 2966 989 3016 sunt

54 3064 261 3169 Quumqtm'm
277 3077 429 3143 multum
461 3075 594 3142 abfuisse
624 3071 796 3156 credimus,
825 3089 990 3137 uteorum

53 3193 208 3265 adventus
232 3196 346 3265 Romae
368 3199 447 3263 tanti
474 3198 514 3261 sit
528 3195 678 3277 habitus,
736 3192 823 3256 nanti
853 3188 990 3256 Archiae

52 3307 168 3384 ineat.
192 3307 315 3400 Nem}
334 3315 421 3407 quod
445 3316 662 3406 exciperentur
691 3337 707 3377 a
737 3309 934 3402 principibus
954 3306 991 3380 in

55 3423 181 3506 civitam
191 3436 263 3504 viris
271 3479 285 3522 ·,
296 3430 467 3503 eommunis
479 3435 535 3502 hic
543 3434 578 3499 iis
592 3457 665 3513 cum
675 3430 782 3498 ceteris
792 3427 991 3496 Athenarum

60 3613 350 3631 m

92 3715 122 3787 t)
143 3717 281 3797 Depret-
299 3719 323 3770 Ι.
342 3717 385 3771 δί.
482 3719 509 3782 2)
531 3714 603 3766 Plut.
627 3717 655 3768 V
654 3716 697 3764 ita
719 3714 774 3764 Cic.
794 3729 818 3762 c.
834 3709 860 3763 5.
879 3707 991 3775 Quincti

59 3802 153 3860 LXI·
171 3824 195 3862 e.
214 3807 241 3859 5.
257 3805 382 3859 Macrob.
402 3804 511 3858 Saturu.
530 3805 549 3856 l.
568 3804 607 3856 ll.
627 3819 669 3856 ιο.
687 3801 750 3855 vat.
771 3799 846 3852 Max.
863 3797 951 3850 Vttt.
965 3814 990 3866 7.

62 3894 106 3948 De
121 3893 200 3952 Oret.
218 3896 243 3950 Ι.
268 3897 312 3951 28.
331 3895 418 3950 Mitt.
431 3895 455 3946 1.
472 3912 499 3962 p.
511 3891 554 3945 86.
581 3893 627 3960 qui
639 3890 707 3944 hune
719 3887 887 3956 disciplinam
904 3893 990 3953 negate
