2536 4724
605 367 667 434 llo

166 542 290 610 minum
306 542 499 611 sermonibus
511 540 710 630 cognoverit,
727 538 790 609 hsc
807 537 910 634 prima
921 545 1098 607 mmmccc-

168 661 252 729 tione
271 652 406 731 Athenis
426 660 551 732 ridetur
571 660 734 730 Eleusiniis
763 658 824 727 illis
851 659 947 727 sceris
966 658 1100 726 imnum·

165 804 239 849 esse.
273 780 448 851 Celebravit
469 806 503 849 ea
529 782 668 849 maximis
696 778 842 848 laudibus
872 780 908 846 in
939 776 1047 846 libris·
1062 775 1098 846 (le

168 905 303 993 Legibus
325 900 449 987 ¹),uhi
464 901 572 969 hshito
593 899 635 967 de
645 901 808 967 nocturnis
827 899 919 968 sacris
938 906 1096 983 musone,

166 1023 373 1093 ite'Attiens'e
398 1071 420 1108 „
442 1022 594 1114 Excipis,
627 1017 741 1104 credo,
769 1017 839 1105 ills,
870 1018 1005 1111 inquit,
1027 1018 1097 1109 qai-

168 1146 228 1212 hm
247 1144 309 1237 ipsi
326 1143 438 1210 initiati
453 1165 568 1207 sumus.
590 1141 638 1208 Μ.
660 1140 728 1226 Ego
747 1162 820 1206 vero
838 1137 1005 1231 excipiam.
1026 1138 1099 1206 Nam

168 1262 249 1328 mihi
261 1286 336 1329 cum
356 1260 454 1328 multa
471 1260 581 1326 eximia
600 1257 769 1350 divinaque
788 1256 939 1326 ridentur
962 1255 1099 1326 Athenae

164 1396 238 1447 tuae
260 1381 438 1472 peperisse,
460 1397 555 1470 etque
576 1381 612 1445 in
636 1380 731 1446 vitam
763 1378 928 1446 hominnm
951 1376 1101 1470 attulisse,

167 1516 240 1566 tum
267 1499 350 1567 nihil
379 1498 487 1566 melius
514 1498 571 1565 illis
602 1500 775 1591 mysteriis,
797 1499 914 1590 quibus
934 1520 976 1567 ex
993 1497 1099 1586 agresti

165 1620 362 1712 immanique
386 1623 451 1689 vitu
474 1619 590 1688 exculti
605 1617 646 1685 ad
667 1618 891 1687 humanitatem
909 1634 945 1684 et
976 1616 1100 1705 mitigati

165 1765 297 1809 :sumum
322 1745 483 1830 initiaque
500 1756 537 1807 nt
554 1738 770 1832 appellantur,
781 1739 824 1805 its
844 1760 881 1805 re
895 1760 969 1805 vera
980 1736 1097 1830 prind-

166 1865 223 1956 pia
255 1864 335 1931 ritae
365 1859 564 1948 cognovimus
575 1884 595 1927 s
618 1881 723 1949 neque
755 1856 855 1924 solum
888 1880 965 1925 cnm
991 1854 1099 1924 laetitis

168 1981 296 2052 nitendi
325 1983 477 2048 rationem
515 1980 713 2072 accepimus,
746 1975 801 2046 sed
834 1977 928 2046 etiam
955 2002 1032 2049 oum
1050 1998 1101 2073 tpt

169 2101 295 2171 meliore
313 2097 506 2169 moriendi.''

215 2216 325 2288 Housit
343 2220 440 2306 igitur
457 2217 593 2287 Athenis
610 2217 722 2286 Cicero
740 2215 825 2284 hanc
846 2210 1102 2285 saerotum'tloe·

166 2341 305 2422 ¹trinam,
328 2363 424 2430 qnam
449 2338 675 2422 steteramus,
696 2338 791 2404 serius
817 2333 928 2404 eodem
947 2336 1101 2421 venienti,

172 2475 314 2547 negatam
334 2457 409 2526 olim
433 2455 526 2523 luisse
547 2456 754 2524 molestissime
769 2455 882 2541 tulerat
907 2455 948 2525 θ).
971 2458 1103 2542 Verum,

165 2579 325 2672 percepti
346 2577 407 2645 hac
419 2577 588 2670 quantivis
607 2578 701 2668 pretii
720 2577 890 2664 decetne,
912 2578 954 2647 sd
975 2577 1102 2648 suden-

172 2700 252 2763 dum
271 2722 344 2781 eos,
368 2699 480 2789 quiin
500 2696 698 2790 philosophia
719 2715 752 2764 et
769 2699 954 2790 eloquentia
974 2698 1102 2771 excelle·

174 2819 253 2886 bant
270 2818 332 2884 hoc
348 2834 653 2911 tempore,·summo
669 2816 772 2886 studio
797 2818 963 2889 ferebatur.
999 2822 1101 2886 Tran-

166 2938 311 3030 ·quilhtis
331 2939 418 3005 enim
450 2939 485 3005 in
505 2939 633 3006 Graecia
651 2939 768 3025 rebus,
798 2938 928 3030 plurimi
946 2937 1102 3023 doctus,

176 3059 232 3150 qui
254 3074 366 3150 sponte
385 3056 578 3125 inutilium
595 3058 756 3143 abierant,
777 3058 812 3124 in
830 3060 962 3152 patriam
995 3056 1099 3128 vitlen-

162 3194 228 3279 ..un
248 3201 279 3244 se
298 3177 449 3270 recepisse
468 3202 503 3244 uc
515 3174 658 3245 docendi
670 3202 784 3245 munus
803 3179 838 3245 in
860 3179 972 3248 scholis
988 3180 1099 3247 iustam

33 3291 36 3298 ’
167 3320 264 3364 rasse.
285 3298 325 3363 In
342 3295 544 3365 Academiam
556 3296 681 3365 Philoni
699 3298 877 3366 Antiochus
889 3302 1022 3392 ejusque
1041 3298 1098 3367 fre·

178 3434 224 3482 ter
251 3418 374 3487 Aristus
399 3433 608 3488 successerant
633 3412 685 3503 ὅ),
705 3418 838 3508 Epicuri
858 3415 1034 3487 doctrinam
1054 3437 1097 3497 κ·

168 3686 175 3697 .
215 3648 742 3719 1)·DeLegg.ll.14.Ed.Moseri,
772 3649 820 3700 uhi
846 3643 1095 3719 etruscum

179 3734 262 3805 Legg.
289 3738 314 3791 1.
338 3740 381 3792 14.
409 3740 457 3791 ubi
478 3757 506 3792 v.
538 3737 623 3793 Goer.
659 3740 691 3792 In
715 3736 830 3792 Verrem
859 3739 878 3788 l.
902 3738 940 3793 V.
961 3758 1003 3806 7²·
1026 3735 1095 3790 Ture·

179 3823 290 3894 Quaest.
308 3827 332 3879 l.
352 3826 391 3878 ιδ.
410 3827 452 3878 De
462 3828 528 3880 Nat.
539 3827 576 3879 D.
589 3827 630 3881 ll.
640 3829 682 3881 24.
693 3827 857 3880 Middleton.
871 3828 896 3880 1.
909 3847 938 3896 p.
953 3831 994 3882 62.
1013 3821 1094 3879 Erech·

89 3972 92 3979 .
181 3913 576 3986 escyct.t1Vtt.p.189.
610 3918 641 3986 n)
662 3916 704 3971 De
732 3914 810 3968 Orat.
830 3916 952 3973 illae.
985 3913 1093 3984 Meti·
