2536 4724
595 415 656 483 136

154 613 274 683 regno
295 614 390 658 uersa
408 603 502 675 sunt,
528 612 609 680 opus
630 612 698 656 esse
718 582 822 680 coepit
850 589 997 678 legibus,
1018 549 1098 675 quhr

166 721 199 777 et
228 714 318 802 ipsu
348 716 438 778 inter
464 714 564 777 initia
595 711 700 776 tulere
734 712 909 798 sapientes.
979 703 1096 797 Solon,

166 834 226 920 qui
255 829 405 896 Athenas
436 852 538 919 aequo
559 831 644 917 jure
662 827 850 915 fundauit,
872 831 965 892 inter
984 834 1095 914 septem

168 953 244 1014 acui
270 951 437 1039 sapientia
469 958 569 1013 notos.
614 946 803 1037 Lycurgum
822 951 854 1011 si
874 944 989 1011 eodem
1013 954 1096 1011 oetas

171 1070 322 1151 tulisset,
356 1089 450 1132 sacru
482 1068 538 1131 illi
571 1089 704 1131 numero
737 1069 924 1130 accessisset
960 1074 1094 1130 octavus.

82 1209 91 1228 ⁴
170 1187 317 1256 Zaleuci
338 1187 425 1275 leges
451 1185 709 1273 Charondaeque
738 1184 930 1250 laudantur.
975 1183 1024 1250 Hi
1040 1204 1096 1247 non

172 1309 209 1371 in
227 1306 333 1391 soro,
354 1329 413 1370 nec
442 1308 723 1398 inconsultorum
754 1308 859 1388 atrio,
891 1302 954 1369 sed
975 1307 1012 1369 in
1036 1301 1096 1390 Py·

175 1424 334 1513 thagorae
360 1429 459 1490 tacito
489 1427 549 1489 illo
573 1434 748 1512 sanctoque
773 1446 897 1489 secessu
921 1423 1098 1488 didicerunt

165 1543 271 1629 jura,
304 1567 390 1632 quae
396 1544 539 1632 florenti
561 1553 640 1609 tnnc
662 1541 804 1626 ltaliae,
835 1551 867 1607 et
882 1564 949 1631 per
972 1539 1096 1608 Italum

179 1661 341 1737 Graeciae
355 1673 525 1752 ponerent.
542 1700 585 1712 -
599 1661 778 1729 Dolendum
799 1677 867 1745 est,
890 1659 1038 1751 abrumpi
1050 1655 1097 1722 hic

175 1809 193 1848 a
217 1782 333 1849 Seneca
351 1781 594 1870 jucundissimae
613 1784 794 1848 narrationis
814 1781 921 1869 filum,
943 1802 1005 1846 nee
1025 1800 1094 1846 con·

145 1971 148 1980 ⁸
178 1900 247 1967 cedi
271 1903 359 1968 nobis
373 1953 383 1984 ,
395 1919 429 1968 ut
443 1901 532 1968 telam
553 1903 807 1993 praestantissime
826 1896 1095 1967 inchoatamaPo·

177 2020 317 2104 sidonio,
330 2037 503 2111 pertextam
521 2023 753 2112 absolutamque
771 2004 968 2111 accipiamus.
989 2014 1096 2085 Namsi

179 2141 218 2205 ab
240 2139 367 2208 exordio
387 2144 598 2229 conjecturam
621 2165 731 2234 capere
755 2138 795 2205 de
817 2141 910 2205 totius
932 2138 977 2205 rei
993 2156 1099 2203 summa

179 2259 269 2342 licet,
300 2261 503 2346 gravissimam
532 2261 660 2327 fecimus
680 2263 843 2348 jacturam.
892 2257 924 2326 A
954 2238 1106 2351 principii¹

181 2379 266 2445 enim
295 2378 401 2446 educit
429 2404 486 2446 nos
513 2405 550 2447 eo
579 2380 782 2464 Posidonius,
827 2369 892 2477 quo
921 2379 970 2460 si,
1005 2371 1099 2464 jutia

181 2498 327 2585 Platone,
372 2498 506 2567 adducta
540 2501 644 2567 civitas
676 2503 734 2584 sit,
778 2497 917 2592 perfecta
961 2508 1100 2564 censetur.

183 2617 291 2685 Aureo
319 2618 403 2684 istud
430 2619 532 2687 seculo
563 2599 719 2686 accidisse·
738 2634 864 2701 narrat,
898 2632 936 2682 nt
967 2612 1101 2681 iidemu

181 2738 366 2832 philosophi
384 2756 507 2824 essent,
542 2757 573 2806 et
602 2759 709 2830 regna
738 2743 990 2828 gubernarent:
1028 2724 1099 2824 quod

186 2854 286 2949 quum
303 2859 480 2940 obtinebat,
503 2861 620 2952 optima
635 2884 670 2925 ac
690 2858 859 2924 felicissima
880 2857 1022 2924 omnium
1033 2874 1099 2920 con·

187 2975 264 3044 ditio
285 2995 367 3062 erat,
391 2977 541 3070 quodque
560 2980 719 3046 communi
746 2977 835 3044 saluti
862 2975 1024 3045 videbatur
1042 2993 1099 3036 mt-

186 3099 267 3164 xime
290 3097 512 3188 profuturum,
545 3101 580 3164 in
601 3123 637 3166 eo
656 3095 857 3190 procurando
879 3093 994 3181 singuli
1010 3090 1100 3158 elabo-

186 3221 323 3288 rabant·
373 3220 425 3287 Sic
457 3244 558 3310 quum
590 3217 643 3303 id,
689 3215 777 3308 quod
809 3217 943 3306 quisque
976 3211 1101 3287 volebat,

189 3341 337 3430 quoniam
357 3356 433 3405 esset
458 3341 634 3432 optimum,
678 3335 764 3430 apud
794 3337 952 3403 universos
982 3329 1099 3406 valeret,

185 3461 265 3548 juris
293 3475 324 3524 et
353 3461 444 3551 aequi
465 3458 608 3525 naturalis
631 3474 695 3524 erat
716 3454 928 3538 consuetudo,
950 3447 1102 3544 injustitiae

188 3576 363 3642 inauditum
393 3602 518 3644 nomen.
562 3575 624 3645 Sed
653 3601 757 3666 quum
787 3575 900 3641 sensim
932 3596 997 3639 non
1018 3565 1100 3662 prili-

102 3694 105 3698 ’
190 3695 297 3786 cipum
326 3697 427 3780 vitiis,
472 3695 526 3762 sed
550 3696 741 3789 populorum
773 3692 981 3762 imbecillitate
1008 3677 1103 3756 mutati

187 3816 224 3885 in
243 3817 335 3908 pejus
358 3840 456 3884 mores
474 3833 596 3901 essent,
628 3833 659 3882 et
691 3831 846 3883 crescente
877 3812 974 3899 magis
1002 3795 1103 3876 melitii

188 3933 376 4020 bominum,
398 3912 667 4028 nollentamplius
691 3936 772 4003 bene
790 3923 1100 4027 imperantibusobt·
