2536 4724
604 406 667 472 tlt

125 609 128 620 ¹
168 575 214 644 mi
235 560 449 669 disputantem
464 592 507 643 et
524 575 761 665 ‘jucundissimis
785 581 976 649 sermonibus
1001 606 1099 673 prae·

166 680 324 762 dicantem
358 696 493 763 Platonis
524 694 628 763 laudes
652 695 789 784 audivit,
814 686 1003 767 ut'videatur
1019 702 1096 771 baec

165 814 274 883 Rhodi
292 818 402 900 statio,
438 841 516 907 quae
537 833 690 908 postrema
705 818 823 882 itineris
844 818 924 903 fuit,
946 835 978 884 et
999 820 1098 888 finem

163 934 246 1003 iecit¹
273 937 498 1022 iustitutionis,
538 935 578 1002 ad
608 935 813 1005 excolendum
841 940 908 1026 ejus
939 925 1098 1024 ingenium
1199 1022 1202 1026 Δ

162 1054 439 1147 imbuendumquc
469 1056 651 1123 sublimibus
683 1059 823 1123 sensibus
860 1056 1098 1125 fructuosissimi

164 1163 277 1240 flasse
289 1175 420 1266 Quippe
432 1197 491 1268 per
500 1199 592 1242 omne
611 1193 732 1269 tempus
743 1175 850 1267 ,quod
863 1179 914 1250 ibi
931 1179 965 1244 iu
984 1180 1094 1245 Musa·

162 1313 239 1357 rum
274 1295 427 1360 consortio
453 1292 559 1382 degit,
593 1295 827 1365 clarissimorum
848 1299 987 1366 virorum
1009 1300 1093 1366 Posi·

162 1406 253 1477 donii
273 1426 305 1476 et
324 1410 484 1504 Apollonii
505 1417 549 1481 sic
570 1439 641 1481 usus
668 1433 713 1482 est
730 1414 895 1509 disciplina
917 1433 949 1482 et
969 1416 1096 1484 familia·

162 1529 276 1614 ritate,
299 1547 335 1596 ut
366 1534 406 1599 ab
436 1533 489 1601 illo
515 1532 663 1625 deinceps
684 1560 806 1627 semper
826 1536 917 1605 vellet
938 1538 1098 1605 institutus

160 1649 262 1720 videri
275 1653 338 1737 -1l,
360 1656 399 1721 ab
417 1652 479 1722 hoc
500 1673 625 1738 autem,
653 1659 783 1722 Romam
809 1655 1015 1740 discessurus,
1037 1657 1096 1725 bo-

164 1773 472 1841 norificentissimum
513 1773 610 1841 laudis
642 1776 852 1842 testimonium
881 1801 987 1844 secum
1018 1775 1096 1843 tule-

162 1892 207 1958 rit
232 1891 271 1960 2l.
314 1895 487 1984 Postquam
509 1895 594 1963 enim
623 1894 687 1978 illi,
708 1911 750 1988 ut
780 1897 922 1961 orationis
945 1897 1018 1962 vitia
1041 1892 1097 1961 de-

163 2028 321 2104 poneret,
343 2012 511 2104 plurimam
532 2038 658 2105 operam
675 2031 856 2098 novaverat,
870 2031 978 2101 rogatu
997 2015 1097 2108 Apol·

162 2129 240 2198 lonii
251 2181 261 2215 ,
272 2133 420 2221 quoniam
438 2130 492 2198 hic
508 2132 617 2197 Latine
636 2133 768 2198 nesciret
780 2183 790 2217 ,
801 2134 919 2200 Graece
931 2130 1099 2224 aliqnando

162 2248 337 2317 declamare
360 2251 464 2317 multis
493 2250 689 2317 audientibus
715 2269 759 2317 est
790 2276 885 2318 orsus.
928 2252 994 2342 Qui
1025 2277 1098 2319 cum

162 2362 311 2436 admirari
331 2394 396 2436 non
423 2372 493 2435 satis
524 2387 624 2435 tantae
651 2372 715 2439 vim
741 2370 933 2461 eloquentiae
951 2386 1097 2463 possent,

163 2481 383 2570 continuisque
404 2478 546 2546 laudibus
577 2482 849 2572 approbationem
867 2505 953 2546 suam
972 2478 1096 2566 signifi·

165 2615 301 2683 eassent,
335 2598 521 2691 Apollonius
543 2623 601 2666 nec
623 2598 747 2665 dicente
768 2624 805 2666 eo
827 2602 950 2687 siguum
971 2596 1097 2688 aliquod

165 2717 381 2811 laetitiacprae
401 2743 432 2785 se
458 2719 543 2803 tulit,
568 2744 627 2787 nee
650 2737 849 2812 perorantem
871 2719 1005 2787 laudavit
1025 2744 1097 2787 om-

168 2840 267 2923 nino,
279 2837 333 2904 sed
345 2837 445 2905 diuin
463 2863 495 2904 se
514 2863 677 2907 conversus
689 2839 876 2907 considebat.
895 2837 993 2930 Quod
1012 2863 1099 2925 aegre

167 2957 289 3040 ferente
314 2959 488 3042 Cicerone,
511 2957 638 3026 tandem
657 2960 730 3028 illex
755 2971 786 3027 te
804 2961 955 3049 quadem,
971 2961 1097 3050 inquit,

118 3051 123 3058 .
168 3071 303 3159 Cicero,
337 3075 436 3139 laudo
460 3085 493 3141 et
513 3077 680 3161 admiror,
712 3078 772 3143 sed
804 3077 966 3144 Graeciae
998 3080 1098 3142 uicem

166 3193 324 3286 deploro,
356 3219 455 3283 quum
485 3195 597 3278 video,
619 3220 705 3284 quae
734 3198 806 3263 sola
830 3200 920 3263 nobis
942 3219 1096 3286 superes-

165 3326 241 3382 sent
260 3325 477 3399 ornamenta,
502 3319 617 3382 literas
639 3327 672 3381 et
692 3318 927 3404 eloquentiam,
950 3339 991 3381 eu
1012 3337 1096 3403 quo-

171 3457 236 3523 que
252 3457 317 3524 per
340 3434 385 3520 tel
392 3435 615 3500 Romanorum
639 3438 771 3525 gloriae
792 3436 952 3501 accedere.

202 3735 229 3797 ι)
252 3731 376 3783 Deltae.
394 3732 429 3781 D.
450 3731 473 3782 l.
492 3731 516 3781 3.
544 3730 587 3784 44.
613 3755 651 3773 ·-
680 3731 723 3781 De
743 3729 800 3780 Fin.
821 3727 844 3782 l.
872 3730 896 3780 3.
925 3727 1098 3783 Posidonium

159 3822 443 3890 semiliaramsuum.
478 3822 521 3871 De
544 3821 609 3869 Fato
628 3839 651 3872 c.
675 3821 700 3871 5.
718 3839 797 3871 suum
816 3822 982 3889 magistrum
1014 3828 1103 3871 vocat·
1183 3855 1194 3875 a

171 3916 199 3980 2)
220 3910 292 3960 l'lut.
317 3913 386 3962 Vasa
409 3914 462 3962 Cic
485 3929 498 3967 s
527 3914 550 3963 4.
570 3912 613 3962 (lt.
635 3914 761 3962 ,lectibus
779 3911 807 3960 iu
828 3912 883 3960 Cic.
900 3927 969 3961 novo
987 3927 1010 3961 c.
1029 3930 1055 3980 9.
