2536 4724
624 386 685 461 tot

175 561 260 658 qnid
272 563 402 635 noea
423 578 547 650 noster,
569 541 704 654 muttit?
724 587 766 634 an
783 586 858 632 eum
873 562 979 634 locum
997 564 1104 635 libens

174 684 384 768 ter-invisit„
400 683 468 750 ubit
476 681 698 750 Demosthenes
719 699 752 749 et
770 681 951 769 {herchines
970 685 1052 752 inter
1072 706 1105 752 ss

173 799 334 870 decertare
366 801 447 869 soliti
474 805 583 871 suut?
606 803 693 871 -Suo
713 803 805 870 enim
834 805 969 896 quisque
992 803 1109 873 studio

173 924 309 996 maxime
339 919 486 990 discitum?
517 923 561 989 Et
579 921 657 1008 -ille,
675 947 780 1014 quum
800 924 990 1008 erubuisset,
1012 921 1106 1008 Noli,

172 1041 300 1131 inquit,
315 1060 361 1107 -ex
386 1064 438 1108 me
461 1065 631 1131 miserere,
654 1044 768 1133 quiin
800 1042 997 1111 Phalericum
1017 1042 1109 1110 etiam

174 1154 415 1240 descenderim,
439 1182 503 1248 qno
523 1159 557 1223 in
577 1157 648 1225 loco
666 1156 719 1224 ad
730 1158 865 1226 fluctum
879 1161 978 1247 'ajtmt
997 1156 1108 1226 deela-

174 1299 263 1343 mare
283 1275 406 1343 solitum
426 1275 678 1360 Demosthenem,
715 1293 751 1344 ut
767 1277 928 1345 fremitum
942 1288 1107 1344 assumoe-

171 1404 320 1492 retroue
341 1396 473 1464 vincera
500 1394 616 1464 'Modo
640 1398 732 1464 etiam
751 1397 880 1490 paulum
891 1394 932 1462 ad
950 1394 1111 1465 dexteram

174 1514 220 1584 'de
239 1516 286 1584 ria
307 1513 476 1601 declinavi,
506 1525 552 1583 ut'
574 1514 614 1584 ad
639 1517 754 1585 Pericli
771 1517 954 1609 sepulcrum
973 1513 1108 1585 accede·

171 1644 255 1707 [tem
279 1637 499 1727 Quamquam
515 1634 550 1703 id
572 1636 703 1728 quidem
723 1636 886 1704 infinitum
908 1653 955 1703 est
984 1637 1018 1703 in
1049 1633 1112 1705 hae

170 1756 286 1824 urbes
325 1764 518 1846 quacunque
546 1757 634 1822 enim
658 1753 880 1847 ingredimum
903 1755 948 1821 'in
977 1752 1113 1844 aliquam

168 1875 339 1943 historiam
358 1876 520 1973 vestigium
539 1875 717 1968 ponimus.''
761 1872 849 1941 Alibi
872 1874 947 1939 item
967 1874 1109 1964 Pompo-

175 1997 225 2087 nii
241 1993 407 2065 verbum
431 2018 453 2061 »
464 1994 630 2061 Movemur
644 1994 748 2087 neseio
768 2017 833 2083 quo
848 2007 957 2086 pacto,
985 1991 1108 2080 inquit„
1127 2075 1130 2078 Α

177 2113 253 2186 locis
286 2117 374 2209 ipsis,
399 2116 434 2182 in
466 2116 582 2207 quibus
616 2137 743 2188 eorum,
769 2117 848 2205 quos
869 2110 1025 2198 diligimus
1059 2126 1114 2178 aut

164 2233 387 2318 edmiramur,
410 2233 524 2301 adsunt
554 2235 686 2320 vestigia.
719 2233 774 2300 Me
798 2229 928 2324 qtaidem
945 2233 1028 2322 ipsae
1045 2228 1113 2297 illae

166 2363 300 2425 ‚nostrae
320 2354 464 2423 Athenae
486 2367 563 2420 vnon
592 2369 656 2421 uam
680 2331 827 2445 operibus
857 2352 1032 2440 magnificis
1051 2375 1110 2418 cx-

161 2476 364 2568 ‚qnidtisque
399 2476 617 2565 antiquorum
633 2474 752 2540 artibus
793 2469 971 2554 delectent,
1016 2484 1112 2560 quam

163 2594 392 2667 -reoordatione
415 2605 609 2662 'summorum
632 2593 792 2676 vitoriam,
814 2592 872 2656 ubi
891 2590 1026 2682 quisque
1050 2588 1111 2687 ¹¹²3·

178 2715 303 2800 hilare,
324 2715 381 2782 ubi
400 2712 528 2809 sedere,
552 2714 608 2779 ubi
626 2710 783 2806 disputare
815 2713 855 2778 sit
886 2709 1006 2785 solitusz
1041 2723 1113 2776 stu·

178 2830 331 2925 dioseque
344 2857 453 2902 eorum
476 2835 568 2900 etiam
588 2831 729 2926 sepulcra
751 2830 981 2922 contemplor.”

186 2990 189 2997 ·
227 2955 316 3022 Patet
349 2953 449 3038 hinc,
485 2946 520 3019 ni
552 2952 662 3038 fallor,
692 2968 848 3042 quantum
882 2949 1027 3019 Ciceroni
1045 2945 1111 3022 ad·
1217 2978 1221 2986 ·

176 3086 305 3165 spectus
324 3072 521 3142 Athenarum
537 3097 693 3140 aerenum
711 3075 852 3140 omnium
868 3069 1113 3139 memorabilium

183 3191 388 3264 consideratio
420 3191 584 3286 voluptatis
617 3192 761 3259 attiderit.
823 3188 887 3260 Sed
917 3189 969 3257 ille
1000 3188 1111 3273 simul,

182 3312 320 3403 quaein
348 3313 469 3404 seriptis
493 3313 555 3378 suis
574 3327 636 3378 tam
656 3309 821 3398 magnifice
842 3309 971 3393 extulit,
992 3324 1110 3400 myste-

165 3432 227 3501 -aia
249 3455 316 3500 non
346 3433 517 3503 contemsit
559 3433 722 3521 Namque,
743 3454 896 3497 summam
926 3453 1033 3500 eorum
1052 3454 1113 3495 au-

186 3553 358 3619 ctoritatem
378 3567 410 3617 et
432 3551 625 3618 sanctitatem
645 3551 707 3616 sive
727 3573 766 3615 ex
784 3550 923 3616 Isocratis
952 3565 986 3614 et
1004 3547 1112 3617 Plato-

189 3672 236 3737 nis
269 3673 411 3764 scn'ptis,
447 3672 510 3739 aive
532 3695 572 3738 ex
593 3670 693 3739 Attici
714 3668 1023 3760 doctissimorumque
1049 3668 1113 3736 ho-

198 3851 474 3871 m

146 3968 149 3972 ,
220 3927 247 3992 t)
269 3925 309 3976 De
329 3925 408 3994 Legg.
429 3927 455 3979 ll
485 3945 509 3978 e.
528 3942 553 3979 a.
688 3955 691 3961 ⁴
744 3896 746 3900 Α
