2536 4724
598 384 662 454 1⁰4

161 560 354 635 exedendae.
411 561 526 630 Ereeta
555 555 662 626 denno
692 562 739 622 est
760 550 801 623 ad
814 533 984 640 ‘unguem
1019 547 1107 617 eale-²

166 686 285 754 britatis
308 678 431 749 laudem
457 681 534 746 urbs
563 676 689 760 Attica,
721 671 862 764 viditque
887 694 950 764 per
978 668 1097 756 triginta

168 806 289 874 circiter
312 825 408 869 annos
431 797 573 890 undique
593 820 632 863 ex
650 795 778 864 Graecia
806 792 1016 882 finitimisque
1035 811 1107 881 po·-

166 922 249 1018 pulis
280 921 320 988 ad
352 945 384 988 se
417 918 628 987 confluentem
663 912 940 980 eruditissimorum
978 911 1093 1002 copiam

170 1044 327 1125 virorum,
350 1040 407 1131 qui
429 1036 469 1103 ad
491 1032 703 1103 instaurandas
725 1035 888 1100 Musarum
907 1045 988 1096 artes
1007 1038 1096 1096 revu-

172 1158 367 1249 eandamque
404 1156 630 1223 humanitatem
662 1155 761 1220 otium
790 1175 881 1217 suum
913 1165 945 1216 et
978 1171 1097 1241 operam

169 1278 405 1373 pollicebantur.
470 1276 513 1342 Et
547 1275 686 1364 quamvis
717 1267 929 1356 Alexandria,
974 1266 1098 1337 lehasil·

172 1397 307 1488 aliaeque
331 1397 465 1464 civitates
497 1392 686 1462 contendere
715 1394 790 1460 eum'
810 1389 860 1457 illa
881 1406 914 1457 et
936 1389 1054 1482 eripere
1073 1385 1099 1451 ei

172 1517 387 1611 principatum
414 1512 623 1598 conarentur,
668 1513 712 1579 sie
746 1527 849 1577 tamen
880 1511 959 1575 tuita
986 1523 1032 1575 est
1051 1505 1098 1574 illo

173 1638 273 1730 spatio
305 1658 425 1704 eausam
451 1658 557 1716 suam,
587 1647 624 1697 nt
656 1629 778 1697 eluserit
799 1628 942 1695 omnium
967 1640 1095 1694 oonatna.

175 1757 265 1847 Quin
289 1757 380 1822 etiam
406 1754 519 1823 Atticis
544 1751 664 1817 finibus
694 1774 760 1816 non
784 1763 870 1840 septa
895 1744 957 1812 snit
975 1747 1043 1833 ejus
1059 1743 1097 1810 vit

176 1890 207 1941 et
227 1877 410 1958 auotoritas,
424 1873 478 1940 sed
500 1872 612 1939 diffusa
634 1870 723 1936 latius
743 1864 931 1934 redundavit
942 1866 977 1931 in
988 1867 1097 1931 Rome·

60 2064 66 2070 ,
177 2017 255 2078 noe,
279 1995 393 2084 quihus
413 1993 644 2079 flagitantibus,
662 2005 694 2056 et
716 1985 851 2054 subsidia
871 1987 953 2053 varia
968 2001 1010 2051 -et
1022 1981 1098 2050 doe·

176 2112 281 2177 tissimi
302 2112 336 2177 in
361 2113 468 2207 quovis
491 2110 650 2178 doetrinae
675 2131 786 2196 genere
806 2106 864 2175 viri
887 2103 1100 2173 confluxerunt

177 2232 317 2297 Romam.
340 2231 472 2296 Fiebant
495 2229 658 2314 Athenae,
677 2231 816 2317 subjecta
835 2227 959 2310 civitas,
972 2225 1099 2291 neniae

178 2349 315 2432 Romae,
337 2347 484 2437 orbisque
503 2347 655 2432 Romani,
679 2347 754 2415 culti
778 2372 813 2415 ae
835 2344 967 2430 literati,
990 2339 1098 2411 mettu-

180 2466 283 2560 polis3
306 2467 403 2533 Roma
427 2466 558 2532 vicissim
583 2467 699 2535 colonia
719 2465 882 2536 videbatur
903 2464 1100 2534 Athenarum.

171 2587 256 2677 ‚Quo
281 2584 410 2678 quidem
429 2601 543 2652 eventu
565 2610 671 2651 rerum
691 2585 769 2653 illud
788 2589 823 2653 in
845 2588 990 2674 gentium
1008 2585 1099 2651 histo-

179 2707 224 2770 ria
253 2706 384 2771 maxime
405 2705 600 2772 memorabile
627 2703 762 2788 accidit,
796 2723 833 2770 ut
860 2704 940 2771 duae
973 2683 1100 2772 honon-

180 2823 311 2890 tissimae
336 2824 492 2906 civitates,
510 2825 614 2914 quasi
641 2823 721 2891 facta
749 2825 831 2890 inter
853 2846 884 2889 se
902 2825 1028 2916 imperii
1044 2806 1103 2888 hu·

181 2943 395 3034 manitatisque
423 2944 612 3035 partitione,
634 2945 802 3035 utrobique
825 2941 1068 3012 dominarentur.

225 3058 310 3145 Sed,
333 3060 410 3129 haee
435 3063 490 3128 etsi
513 3087 623 3150 magna
644 3081 768 3148 essem,
789 3088 825 3131 ae
849 3063 946 3132 veluti
969 3065 1106 3154 antiquae

180 3182 301 3248 virtutis
324 3180 443 3267 insigne
473 3184 665 3274 praemium,
688 3184 775 3250 brevi
801 3199 905 3249 tamen
934 3185 1102 3264 constabat,

181 3300 344 3366 effloruisse
374 3301 468 3387 magis
494 3300 633 3367 Athenas
656 3302 690 3367 in
718 3302 828 3369 alienas
850 3301 955 3369 laudes
986 3319 1018 3369 et
1046 3301 1104 3369 uti¹⁴

180 3418 299 3506 litates,
324 3444 419 3512 quam
439 3419 479 3487 ad
501 3420 754 3514 recuperandum
773 3422 906 3516 aliquem
924 3446 992 3490 non
1006 3424 1104 3490 ineer-

182 3553 250 3606 tum
273 3555 389 3624 statum
409 3567 443 3608 ae
467 3539 662 3607 stabiliendas
680 3566 753 3633 opes
772 3566 839 3608 suas
860 3543 1016 3610 revixisse.
1064 3540 1107 3608 Ex

182 3655 330 3724 diuturna
361 3661 445 3728 enim
480 3662 584 3751 quiete
610 3678 641 3726 et
665 3663 727 3728 otio
760 3660 904 3728 distracta
932 3678 981 3729 est
1012 3660 1107 3729 dum

182 3773 216 3838 in
242 3776 375 3856 maxima
396 3766 534 3868 pericula
566 3758 735 3869 rerumque
764 3781 905 3848 omnium
938 3758 1107 3848 dimioafio·

180 3915 265 3962 nent.
309 3896 443 3963 Exortus
472 3913 519 3963 eet
546 3897 772 3986 Mithridates!
799 3901 857 3992 qui
882 3916 959 3994 poet
980 3897 1109 3972 &verum
