2536 4724
519 365 559 432 49

68 532 128 620 id,
153 533 240 627 quod
266 535 302 604 in
326 538 405 623 ejus<
420 534 597 627 aequalibus
627 541 835 631 requirebat„
858 542 1006 628 inuenit,¹

70 666 182 721 tertam
203 676 241 719 ac
260 649 430 720 dilucidam
447 653 631 739 orationem,
649 654 909 726 accommodatam
928 659 997 727 sin-

67 769 147 858 gulis
167 769 357 857 singularum
376 794 578 869 personarum
596 771 845 860 conditionibus,
865 777 1000 844 nativam

67 906 262 960 venustatem
285 888 372 956 nullo
393 888 527 958 fucatam
547 891 697 978 artificio,
722 918 825 961 acrem
844 908 1000 987 praeterea

41 1010 44 1017 '
67 1003 187 1096 ingenii
207 1007 335 1074 humani
359 1012 647 1102 pervestigationem
669 1038 705 1080 ac
734 1006 998 1107 descriptionem,

63 1125 210 1195 universe
228 1130 306 1197 vitae
322 1127 480 1220 quandam
494 1129 732 1224 philosophiam.
764 1134 866 1220 Hujus
884 1135 999 1202 iccirco

64 1248 167 1341 poesis
197 1264 233 1314 ut
265 1249 409 1316 Ciceroni
444 1251 788 1345 tantopereplaceret,
825 1278 893 1342 non
926 1278 1000 1322 sanc

66 1389 139 1434 casu
159 1366 277 1435 sactum
297 1385 351 1435 cst.
394 1371 440 1436 Ut
470 1371 556 1437 enim
586 1372 627 1438 ab
653 1353 782 1437 ineunte
809 1388 905 1439 aetate
933 1373 1001 1466 ipsa

67 1508 142 1552 cum
168 1483 343 1554 studiorum
371 1488 448 1555 ratio
480 1505 512 1556 et
537 1491 737 1558 institutionis
765 1492 927 1560 consilium
956 1489 999 1560 ad

65 1604 259 1672 Graecorum
296 1607 490 1695 potissimum
523 1611 711 1700 scriptorum
744 1610 871 1698 legenda
905 1630 1000 1705 opera

68 1720 223 1810 adduxit,
244 1726 285 1792 ita
306 1751 344 1792 ex
360 1728 476 1792 Latinis
496 1751 562 1809 eos,
585 1730 640 1818 qui
658 1731 800 1822 proxime
816 1728 856 1795 ad
875 1730 1000 1798 illorum

62 1847 287 1939 'praestantiam
306 1846 545 1937 ubertatemque
568 1844 776 1931 accedebant,
795 1872 862 1919 non
880 1849 1001 1915 minore
1055 1914 1058 1922 ,

67 1960 243 2032 assiduitate
260 1967 419 2048 tractavit,
438 1966 501 2032 imo
519 1964 663 2053 singulari
684 1988 785 2031 amore
809 1982 840 2031 et
861 1963 1000 2059 admira·

66 2086 151 2152 tione
169 2076 351 2178 prosecutus
371 2102 426 2151 est.
458 2087 576 2153 Ceteris
597 2086 691 2172 igitur
709 2085 807 2176 poetis
830 2108 896 2150 suas
918 2085 996 2175 qui-

65 2206 191 2296 busque
210 2202 315 2272 laudes
336 2206 499 2273 concessit:
522 2206 557 2271 in
574 2206 861 2289 Terentio'tamen,
876 2219 999 2296 praeter

63 2321 210 2427 imitandi
231 2323 423 2408 felicitatem,
451 2324 635 2390 inventionis
663 2322 790 2410 gloriam
817 2340 850 2389 et
877 2347 998 2392 sermo-

62 2445 114 2512 nis
127 2443 306 2532 elegantiam
323 2441 540 2509 dominabatur.
562 2442 589 2509 ι)
622 2443 729 2533 Quare
747 2440 786 2507 ad
805 2431 895 2510 hunc
908 2444 996 2532 quasi

64 2561 212 2658 quodam
233 2573 359 2630 naturae
380 2562 534 2629 instinctu
553 2559 787 2644 deducebatur,
818 2584 923 2650 neque
941 2561 994 2628 vi-

35 2693 38 2696 *
61 2682 160 2752 ‘detur
180 2700 295 2750 temere
314 2683 356 2749 ita
378 2682 558 2768 contigisse,
580 2696 615 2745 ut
637 2677 902 2770 quemadmodum
919 2678 994 2746 Pla-

63 2823 173 2874 toncm
193 2805 361 2895 accipimus
384 2829 400 2867 a
424 2799 560 2888 legendis
587 2799 760 2890 Sophronis
787 2799 888 2864 mimis
915 2796 994 2866 ado-

63 2925 234 2994 lescentem
261 2923 413 2989 abstinere
428 2926 510 2986 'non
542 2919 698 3012 potuisse,
716 2913 855 3009 Cicero,
885 2916 996 2985 eodem

62 3041 226 3136 proposito
245 3037 411 3129 studioque
431 3036 563 3123 ductus,
584 3036 716 3124 legendo
735 3025 888 3105 Terentio¹
900 3038 995 3106 satia-

60 3177 152 3232 retur
174 3184 348 3250 nuuquam.
638 3235 641 3243 1

108 3282 323 3373 Quamobrem
345 3279 489 3366 juvenis,
521 3294 558 3343 ut
582 3275 728 3360 videtur,
757 3276 894 3344 versibus
920 3296 996 3342 eum

62 3401 238 3472 celebravit.
272 3399 372 3486 Cujus
390 3399 436 3463 rei
456 3397 615 3484 vestigium
635 3397 701 3488 ipse
723 3392 853 3484 quidem
871 3392 994 3462 nullum

10 3502 13 3508 7
61 3526 98 3592 in
118 3521 242 3613 scriptis
260 3518 406 3608 reliquit,
434 3513 488 3582 sed
509 3516 687 3581 memoriam
710 3514 852 3581 carminis
876 3513 992 3582 Sueto·

95 3721 123 3791 ι)
144 3717 203 3770 cie.
214 3719 246 3770 de
255 3721 320 3786 Opt.
332 3720 398 3768 Gen.
407 3720 486 3793 Orat.
497 3733 521 3767 c.
530 3716 554 3768 ὅ.
563 3715 590 3771 4.
612 3718 667 3786 Ep.
675 3716 781 3767 chtt.
794 3699 816 3762 l.
825 3713 955 3786 Vll-Ep.
963 3715 1004 3771 5.·

60 3807 114 3863 Cff.
130 3804 282 3860 Victorius.
309 3803 376 3858 Ver.
400 3805 477 3856 Lect.
500 3805 519 3854 l.
543 3805 648 3860 XXXI.
672 3822 696 3855 c.
717 3805 747 3888 la¹>
766 3802 925 3858 XXXVII·
947 3806 991 3889 td.

62 3895 218 3967 Gytaldua,
247 3897 291 3948 De
305 3898 386 3947 Poet.
409 3896 477 3950 bist.
496 3895 575 3947 Dial.
593 3892 677 3947 V111.
695 3913 713 3963 p
733 3893 794 3966 419.

862 3986 884 4051 4
