2536 4724
632 448 662 495 st

182 660 286 755 graui
299 679 380 722 sane
395 656 435 725 de
452 680 554 723 eausa
571 657 616 723 da
633 659 714 723 mini
728 657 813 721 hano
834 614 981 735 veniam,
1004 676 1107 740 quae·

181 817 238 876 so,
286 795 492 863 dilectissime
525 795 652 862 Pater!
694 808 732 862 ut
764 797 859 862 illum
890 796 1108 884 beneficiorum

183 943 313 999 tuorum
334 937 557 1019 mersamine
569 937 661 1023 sesti
677 941 828 1026 temporis
845 941 1107 1025 opportunitate,

177 1078 373 1160 gratissime
392 1080 498 1143 animi
521 1077 747 1143 recordatione
771 1076 912 1141 recolere
937 1077 1045 1140 li'eeat.

224 1211 310 1279 Num
328 1238 444 1302 quum,
471 1221 644 1292 transaetd
670 1218 734 1282 itte
749 1218 881 1307 puerili
899 1216 1106 1296 educatione,

169 1353 344 1439 formatus
364 1379 388 1420 a
406 1363 439 1421 te
455 1359 659 1446 imbutusque
678 1362 808 1446 optimis
828 1358 975 1424 sensibus
992 1379 1106 1434 essem,

170 1492 374 1581 pmdentiae
393 1504 472 1561 tuae
479 1497 577 1583 fuit,
600 1498 690 1586 quod
703 1521 754 1564 me
771 1502 808 1564 in
832 1492 968 1585 qudii,
995 1500 1109 1586 mtimi

177 1635 263 1714 uiri,
295 1632 501 1723 disciplinam
528 1635 690 1712 tradebas.
738 1634 868 1721 Quint
891 1636 1018 1724 aliquot
1042 1637 1103 1700 ab·

177 1773 253 1839 hino
280 1778 380 1840 annis
409 1780 546 1881 excessit
572 1798 590 1842 e
615 1780 717 1860 uiuis,
763 1777 1020 1865 desideriumque
1053 1783 1107 1841 sui

176 1913 271 2002 apud
291 1936 419 1999 omnes,
439 1916 556 2017 quibus
583 1939 683 1982 sarus
710 1925 803 1997 erat,
826 1919 982 1982 mouent
1006 1916 1104 1979 uehe-

52 2052 58 2065 '
178 2058 430 2138 montissimum,
458 2059 509 2120 ita
540 2079 628 2119 nune
654 2078 704 2120 me
732 2057 769 2118 in
802 2053 998 2142 discinit-inae
1025 2077 1106 2118 suae

181 2198 367 2260 memorium
386 2205 525 2260 reuocat.
570 2193 665 2278 Quae
681 2194 827 2301 quidem,
851 2202 889 2257 nt
912 2198 1104 2276 merninisti,
1140 2174 1143 2182 ¹

179 2333 360 2423 disciplina.
377 2293 513 2425 egregrie
534 2346 626 2419 erut,
649 2337 708 2402 too
723 2345 832 2402 autem
850 2336 988 2401 habebat
998 2358 1103 2423 prae-

175 2476 325 2562 cipuum,
356 2475 446 2564 quod
467 2480 504 2540 in
531 2475 725 2541 discentium
747 2481 868 2542 animis
892 2499 970 2541 aere
994 2475 1099 2564 qnod·

175 2609 252 2676 darn
291 2621 324 2678 et
361 2623 513 2678 constans
552 2614 699 2680 tuendi
739 2614 884 2679 studium
922 2618 1102 2695 excitaret,

175 2772 234 2817 neo
251 2754 413 2842 lubentius
430 2754 513 2840 fere
528 2754 580 2818 ad
594 2776 726 2820 nomam
745 2736 919 2843 disemum,
940 2777 1039 2842 quum
1058 2752 1107 2817 eol

175 2890 323 2957 discendi
339 2894 479 2958 laborem
498 2897 690 2959 veniremus.
714 2852 833 2983 Itaque
848 2903 1021 2984 postquam
1040 2916 1100 2958 sa-

167 3032 218 3097 tis
235 3034 372 3122 tongum
400 3043 530 3124 tempus
549 3034 824 3100 desideratissimi
842 3036 999 3122 magistri
1014 3037 1104 3097 mern's

161 3173 305 3259 sueram
337 3175 499 3260 traditus,
524 3186 624 3264 tuque
649 3170 692 3241 db
724 3176 788 3241 illu
807 3172 1004 3265 proficiendi
1025 3173 1101 3237 aui.-

173 3313 277 3380 ditote
309 3338 351 3380 ao
384 3316 492 3382 studia
530 3326 654 3382 mentes
687 3280 864 3404 quotannis
898 3289 1030 3381 nostras
1056 3311 1107 3377 ad

163 3456 410 3546 peregrinandi
446 3462 642 3523 suauitatem
694 3415 851 3522 retonare
888 3459 1101 3535 institueras,

168 3618 231 3683 qno
261 3599 444 3663 alacriores
472 3597 521 3662 ad
540 3596 722 3684 ,repetenda
759 3597 873 3662 studia
900 3593 1100 3675 rediremus,

164 3737 420 3826 prudentissimo
452 3747 508 3802 tuo
534 3739 668 3802 comitio
679 3736 816 3822 facturn
846 3743 981 3833 reputo,
1001 3743 1040 3798 nt
1065 3737 1102 3797 in

167 3875 294 3944 Bitias·
314 3877 440 3944 mmmm
464 3887 563 3969 atque
581 3874 847 3945 consuetudinem
865 3874 1112 3953 introduces-er,
