2536 4724
605 393 665 460 148

165 599 227 643 esse
243 574 419 654 rhetorem,
440 567 494 636 sed
506 590 605 659 paena
614 567 650 631 in
661 579 724 631 tota
745 563 876 631 civitate.
899 562 981 651 Quo
998 561 1099 630 teser-'-

165 711 217 760 tur
234 691 312 760 illud
324 690 448 775 Marci,
467 704 539 781 post
560 684 717 754 eonseetos
729 680 770 749 de
781 685 915 749 Oratore
931 679 1034 751 libros
1048 683 1093 751 ¹l2

165 836 225 880 neo
244 835 320 879 vem
344 821 397 893 te,
420 812 586 876 aurbeima
593 810 716 894 jiater
735 813 836 891 atque
857 806 1000 890 optino,
1021 804 1092 869 rha-

166 938 277 1001 terrbr'r
293 954 382 997 neno
412 927 606 1018 quibasdam
627 927 736 1000 titre,
772 944 853 1011 quot
882 931 923 987 tu
947 925 1092 1013 agresta

160 1061 291 1140 putat,
315 1052 470 1136 insequor
488 1056 528 1111 ut
550 1044 709 1112 erudiam

181 1214 184 1219 -
207 1165 294 1234 letud
317 1183 421 1232 autem
440 1188 541 1257 opus,
564 1165 599 1229 in
613 1163 729 1246 libros,
747 1177 784 1230 ut
803 1161 950 1248 videtur,
965 1179 1090 1254 quatuor

167 1286 300 1354 ‹livisum
313 1336 322 1370 ,
334 1288 454 1352 Graeco
471 1285 598 1351 nomine
608 1281 804 1349 Rhetorieen
822 1281 1031 1375 appellaverat
1044 1282 1093 1366 tl,

165 1427 272 1494 neque
287 1405 322 1469 in
344 1426 454 1469 manus
472 1401 639 1468 hominum
653 1400 794 1494 perderre
806 1426 942 1488 curans,
964 1405 1092 1472 innom-

169 1522 323 1589 mentariis
345 1536 551 1614 reposuerat..
572 1519 693 1587 Deinde
711 1536 814 1587 tamen
837 1523 876 1588 ab
895 1546 964 1591 uno
988 1522 1091 1591 altaro·

172 1634 235 1732 qne
261 1640 434 1728 flagitatus,
475 1641 531 1706 ieta
564 1656 601 1706 ut
634 1641 669 1706 in
700 1640 803 1708 lueem
836 1643 974 1710 mitteret
987 1674 1004 1727 ,·
1026 1642 1091 1712 dnos

171 1762 289 1855 priores
319 1760 436 1844 libros,
457 1760 493 1826 in
523 1761 641 1850 quibus
669 1757 710 1826 de
729 1761 912 1828 inventione
933 1763 1090 1850 agebntrrr,

171 1883 296 1949 seorsim
322 1880 445 1966 edidit,
466 1878 622 1970 reliquos,
643 1880 705 1947 sire
735 1881 802 1972 ipse
827 1878 944 1965 nollet,
964 1883 1028 1952 sive
1049 1904 1090 1950 eet

171 2026 265 2070 nemo
296 2004 425 2069 omnino
454 2016 614 2094 posceret,
645 2001 775 2068 servavit
805 2002 840 2068 in
865 2003 1091 2071 eornrnentoriit.¹

170 2123 256 2189 Haeo
274 2117 403 2212 (pridem
430 2118 531 2209 eliqua
551 2118 767 2211 probabilitate
790 2117 831 2186 de
849 2120 982 2208 juvenili
1008 2142 1089 2215 opere

171 2255 302 2331 possunt
328 2237 493 2330 disputari.
538 2237 637 2328 Quod
662 2256 765 2307 autem
790 2241 942 2308 rationem
970 2244 1090 2324 attinet,

176 2383 240 2448 qua
260 2358 473 2448 conscriptum
487 2374 554 2440 est,
585 2357 679 2424 refert
704 2359 753 2425 illn
782 2358 874 2453 plane
901 2386 976 2428 eum
997 2364 1089 2456 serip-

111 2519 113 2523 -
174 2474 251 2540 toris
281 2490 410 2540 aetatem
441 2490 536 2563 atque
565 2476 748 2562 ingenium,
779 2494 847 2544 tum
876 2503 991 2549 aevum
1016 2506 1091 2549 non·

172 2590 251 2661 dum
266 2592 439 2661 liberaliore
458 2592 619 2661 doctrinae
636 2620 746 2682 genere
763 2597 932 2667 excultum.
972 2599 1091 2694 Seriptit

171 2713 257 2778 enim
289 2711 345 2779 hos
370 2712 466 2780 libros
488 2711 730 2783 adolescentulus
758 2718 889 2804 Cicero,
923 2721 966 2786 ita
994 2737 1091 2788 tomen

171 2847 227 2915 ut,
251 2833 390 2920 quamvis
409 2832 579 2924 exploratas
601 2833 730 2900 haberet
751 2835 922 2904 Aristotelis
953 2838 1090 2907 eliorum·

172 2973 236 3038 que
258 2948 298 3015 de
319 2967 385 3016 arte
408 2950 560 3018 rhetorica
589 2956 775 3037 sententias,
797 2956 901 3022 mallet
929 2961 1090 3048 Hermoge-

174 3093 265 3156 ram,
305 3069 539 3139 oeleberrimum
564 3071 743 3154 rhetorem,
766 3075 822 3166 qui
844 3072 885 3141 de
914 3075 1023 3168 iisdem
1045 3100 1090 3146 re·

173 3246 467 3268 pau-mm

175 3366 179 3373 ¹
199 3347 232 3415 ι)
250 3346 292 3397 De
308 3344 386 3398 Oret.
406 3347 443 3400 ll.
462 3347 487 3400 5.
523 3350 551 3418 α)
570 3348 696 3401 Testetur
712 3349 824 3421 Quinct.
835 3355 989 3411 instent
1001 3357 1041 3412 ll·
1055 3356 1089 3411 ti·

172 3439 238 3488 Cum
251 3441 290 3488 M.
308 3437 423 3488 Tollius
440 3441 525 3490 etiam
545 3440 787 3509 ipsislilrrorum,
806 3464 875 3514 qnos
892 3447 946 3499 hae
962 3451 994 3501 de
1010 3469 1039 3501 re
1055 3447 1092 3515 (ds

168 3526 314 3591 rhetorice)
329 3528 633 3597 primumecripserat,
653 3533 765 3594 titulir,
789 3537 893 3586 Graeco
906 3540 1016 3590 nomiae
1032 3545 1093 3589 utn-

167 3623 217 3665 tur
229 3614 666 3683 ,proferrenoneetverendum,
680 3641 712 3672 ne
732 3632 829 3674 temere
840 3625 983 3678 videamur
1000 3636 1089 3678 orato·

170 3703 197 3753 ri
218 3703 380 3752 maximone
366 3722 431 3754 eno
416 3705 505 3755 omine
524 3709 598 3758 artis
616 3728 682 3759 rum
671 3713 798 3763 credid
788 3731 849 3763 r..rre
869 3713 912 3765 cf.
932 3715 987 3767 lll.
1003 3717 1028 3770 5.
1045 3713 1088 3785 (ὅ.)

96 3806 99 3811 ’
167 3766 262 3857 ibique
280 3788 419 3859 Spalding
436 3789 551 3847 Sehntz
564 3798 660 3849 Prone
646 3818 696 3851 e.m
719 3801 745 3851 in
772 3802 827 3853 Oic.
854 3804 1019 3858 Rhetorica.
1046 3804 1089 3857 Ed·

170 3878 230 3930 Cie.
254 3879 318 3930 tl.
310 3895 362 3947 ..p
355 3880 487 3951 ..fiieqq
489 3882 723 3965 ΕκεοΙιΕηφοΙ.
739 3895 761 3942 t
780 3890 878 3954 xtlt.
867 3911 923 3961 ‚p
944 3912 1001 3966 ²⁰7
1016 3895 1090 3949 sete

171 3952 468 4057 'optpw‘sqi
