2536 4724
609 341 651 404 66

168 533 238 600 ret,
272 542 288 595 a
322 515 402 580 senis
430 512 521 579 latere
545 535 713 601 nunquam
740 507 926 595 discessisse,
964 506 1106 603 fierique

139 702 142 708 ,
169 630 320 703 studuisse
351 635 416 721 ejus
440 631 610 725 prudentii
640 629 810 712 doctiorem
831 628 871 697 ¹).
914 627 966 707 Er
987 627 1106 717 multi-3

74 804 77 809 -
167 754 243 847 plici
273 756 370 842 igitur
392 778 498 820 rerum
524 752 693 819 forensium
716 751 940 834 sciscitatione,
956 773 1008 831 ¹ex
1033 748 1103 816 cla-

167 875 357 957 rissimorum
381 874 519 941 virorum
540 873 752 954 sermonibus,
775 893 853 959 quos
876 854 1024 953 Scaerola
1039 871 1101 958 ju-

168 991 271 1061 cunde
305 1015 429 1061 narrare
464 990 602 1076 solebat,
646 1015 681 1056 ea
710 987 910 1073 addiscebat,
955 1012 1042 1079 quae·
1070 1004 1104 1057 et

169 1109 377 1198 cognoscendi
409 1109 589 1178 aviditatem
616 1133 742 1195 augere,
776 1124 808 1174 et
831 1108 912 1196 juris
942 1107 1041 1179 civilis
1073 1108 1110 1175 ei.

168 1228 383 1300 commendare
406 1228 548 1296 studium
562 1245 719 1322 poterant.
750 1231 908 1296 Praeterea
928 1227 1033 1308 fuerat
1047 1226 1101 1297 hic

166 1349 309 1419 Scaevola
340 1351 475 1416 Panaetii
507 1348 630 1416 auditor
663 1349 715 1433 2),
757 1373 776 1415 e
807 1371 872 1438 quo
902 1344 1009 1414 studio
1040 1347 1107 1428 vin',

163 1493 226 1561 par
259 1485 306 1535 est
328 1470 520 1554 existimare,
551 1468 781 1561 philosophiam
806 1469 910 1559 ipsum
932 1467 1101 1558 jmisprn-

170 1584 291 1653 dentiae
318 1587 514 1654 adhibuisse:
551 1613 630 1678 quae
659 1589 841 1674 conjunctio
867 1585 1104 1677 disciplinarum

169 1703 209 1772 ad
227 1706 421 1789 formandam
445 1707 665 1800 philosopham
684 1705 840 1791 indolem,
876 1705 975 1798 qualis
1003 1707 1101 1775 cioe-

72 1828 76 1833 ’
168 1829 254 1903 ronis
274 1845 362 1911 erat,
384 1829 538 1919 aptissima
559 1827 628 1894 fuit.
673 1829 756 1893 Cum
773 1842 859 1891 tanta
877 1841 981 1891 autem
1000 1827 1101 1892 uber-

168 1962 230 2013 tate
265 1945 467 2037 disciplinae,
508 1972 604 2036 quam
633 1947 779 2012 Ciceroni
813 1941 990 2035 quotidiani
1029 1969 1109 2015 cum

171 2083 373 2157 praeceptore
397 2090 453 2131 suo
476 2089 630 2132 sermones
661 2065 851 2148 afferebant,
886 2089 960 2131 cnm
982 2062 1107 2141 assiduo

169 2184 272 2270 legum
295 2186 568 2274 institutorumque
597 2188 809 2252 Romanorum
843 2183 1044 2255 meditatione
1071 2199 1106 2275 et

170 2299 274 2379 studio
312 2306 519 2390 conjungebat
560 2303 739 2390 diligentem
779 2304 838 2372 fori
867 2328 982 2387 usum,
1001 2374 1004 2379 ,
1023 2306 1106 2391 ubi,

168 2417 317 2486 suadente
351 2421 515 2507 Scaevola,
546 2423 651 2491 multis
674 2422 855 2513 magnisque
879 2424 974 2491 causis
997 2425 1104 2492 inter-

168 2537 251 2625 fuit,
273 2538 312 2605 ad
337 2565 411 2630 quas
433 2540 644 2609 defendendas
663 2543 812 2635 praeclari
826 2545 860 2609 in
884 2544 1107 2623 civitate‘oraf

170 2676 251 2727 tores
285 2660 482 2729 accedebant.
524 2664 605 2731 Nam
632 2662 880 2754 praestantissimi
903 2664 1026 2753 quique
1046 2664 1109 2741 'vel

167 2779 205 2845 in
228 2778 337 2846 exsiliis
358 2781 505 2867 aberant,
528 2781 598 2866 vel,
620 2806 727 2850 recens
760 2781 923 2865 exstincti,
946 2781 1112 2877 lugebam-5

170 2913 222 2964 tur
243 2897 285 2966 ⁵).
985 2920 989 2925 '

210 3018 295 3092 Haec
316 3034 420 3083 autem
431 3018 549 3103 studia,
569 3045 647 3113 quae
670 3023 845 3090 communia
865 3024 894 3088 ei
916 3039 1007 3090 erant
1031 3049 1109 3117 cum

167 3134 275 3204 Attico
305 3153 336 3202 et
366 3141 473 3204 ceteris
509 3140 726 3225 familiaribus,
769 3144 826 3234 qui
851 3139 892 3208 ad
925 3143 1111 3219 Scaeuolam

167 3259 317 3341 ventitare
336 3257 474 3325 solebant
493 3252 548 3343 4),
592 3263 757 3354 intercepit
780 3287 839 3354 per
861 3265 935 3329 anni
964 3267 1110 3355 spatium

66 3392 69 3397 ’
168 3375 506 3462 bellumMarsicum,
533 3381 566 3445 in
595 3405 660 3470 quo
687 3383 747 3447 tiro
769 3381 840 3446 suita
882 3381 946 3449 Sed
971 3387 1115 3455 non‘ita.

73 3534 77 3541 .
167 3491 202 3556 in
232 3493 370 3560 militiam
387 3497 559 3581 incubuit,
594 3516 630 3563 ut
656 3523 722 3566 non
744 3517 845 3591 posset
868 3502 961 3571 simul
978 3503 1105 3597 aliquid

202 3745 227 3811 ι)
249 3745 290 3795 De
309 3748 396 3799 Amic.
415 3766 440 3799 cs
457 3748 571 3801 ivl’lut.
597 3752 668 3802 Vita
688 3755 735 3803 Cic
762 3770 785 3802 c.
803 3751 826 3803 5.
908 3755 936 3818 2)
957 3752 1001 3805 D'e
1019 3755 1105 3808 Onl-

166 3828 311 3902 l.11.17.
381 3835 409 3899 ὅ)
432 3836 528 3888 Brutus
545 3855 570 3890 c.
589 3838 631 3890 88.
650 3841 691 3909 89.
759 3841 787 3910 4)
809 3842 851 3892 De
869 3841 950 3908 [regg.
971 3843 995 3895 1.
1011 3845 1042 3897 4.
1076 3914 1080 3919 Ι
