2536 4724
617 371 676 439 108

177 547 385 629 Xenocrates,
416 544 474 639 hle
500 547 567 633 ejus
587 540 712 612 auditor
735 541 880 631 Polemo3
928 543 1109 634 cajus-ipsa

173 662 223 731 illa
253 665 342 731 sessio
379 662 459 748 fuit,
491 689 587 754 quam
614 661 764 732 videmus.
817 661 978 757 Equidem
1008 665 1109 735 'emin

178 779 295 850 curiam
313 801 449 850 nostram
475 781 648 869 (Hostiliam
669 781 762 868 dico,
780 808 845 851 non
866 783 951 851 hanc
977 808 1106 869 novam,

176 926 255 993 quac
272 904 374 969 minor
395 902 474 968 mihi
494 925 556 968 esse
577 900 720 986 videtur,
743 920 946 995 posteaquam
968 919 1017 969 est
1039 928 1104 971 ma-

170 1023 236 1113 jor)
267 1022 402 1090 solebam
426 1022 572 1105 intuens,
595 1022 798 1113 Scipionem,
831 1023 1003 1106 Catonem,
1026 1025 1103 1089 lae-

176 1129 269 1215 lium,
292 1147 432 1196 nostrum
456 1153 530 1197 vero
553 1131 707 1223 inprimis
728 1131 975 1217 auamcogitare.
1007 1133 1104 1198 Tautt

174 1251 220 1317 vis
247 1248 462 1316 admonitionis
493 1250 573 1315 inest
601 1250 637 1315 in
664 1249 762 1334 locis,
785 1266 904 1318 utnon
932 1251 1000 1317 sine
1021 1272 1104 1317 eausa

174 1390 213 1434 ex
233 1367 282 1432 his
306 1367 467 1434 memoriae
489 1364 584 1434 ducta
604 1368 643 1433 sit
661 1366 835 1462 disciplina.
879 1370 969 1437 Tum
996 1368 1104 1459 Quin·

112 1482 114 1489 ’
174 1503 244 1571 tus,
275 1487 332 1553 Est
354 1485 468 1579 plane,
491 1488 585 1570 Piso,
606 1502 643 1555 ut
674 1485 774 1573 dicis,
795 1488 912 1578 inquit.
956 1489 1104 1557 Namme

172 1605 277 1698 ipsum
310 1604 376 1674 huc
408 1603 503 1673 modo
536 1607 712 1675 venientem
742 1609 942 1680 convertebat
972 1607 1013 1677 ad
1045 1629 1104 1677 was

175 1724 327 1792 Coloneus
345 1724 395 1792 ille
413 1724 521 1811 locus,
545 1727 634 1814 cujus
656 1725 759 1794 incola
770 1728 941 1822 Sophocles
961 1731 1005 1797 ob
1025 1753 1102 1804 ocu·

171 1842 217 1912 los
245 1849 440 1914 versabatur:
465 1870 562 1937 quem
594 1848 653 1913 seis
684 1871 781 1938 quiam
801 1845 957 1932 admirer,
991 1872 1103 1939 quam·

174 1990 237 2058 que
255 1989 291 2033 eo
318 1963 462 2033 delecter.
506 1967 562 2033 Me
590 1965 719 2056 quidem
749 1964 790 2032 ad
814 1967 954 2039 altiorem
984 1990 1104 2035 memo·

172 2084 251 2152 riam
284 2081 459 2175 Oedipodis
481 2082 545 2150 huc
573 2087 746 2169 venientis,
780 2103 811 2152 et
844 2086 896 2155 illo
929 2087 1105 2163 mollissimo

174 2203 330 2283 carmine,
354 2226 507 2292 quaenam
528 2219 627 2268 essent
648 2204 714 2296 ipsa
731 2204 807 2272 haec
825 2205 911 2286 loca,
932 2208 1103 2298 requiren-

173 2322 234 2406 tis,
276 2322 392 2412 species
435 2319 587 2412 quaedam
621 2326 806 2409 commovit,
842 2325 942 2391 inanis
969 2325 1104 2408 scilicet,

171 2438 227 2508 aed
254 2441 421 2507 commovit
445 2440 560 2507 tamen
582 2473 624 2494 -ν
648 2445 712 2511 Hic
742 2467 820 2531 ogo,
842 2444 1004 2513 Assentior
1027 2445 1104 2529 tihi,

172 2563 259 2645 Piso,
280 2585 338 2626 usu
359 2559 421 2628 hoc
445 2562 572 2645 venire,
595 2578 631 2627 ut
649 2564 747 2630 acrius
764 2563 923 2654 aliquanto
943 2580 977 2630 et
999 2580 1103 2630 atten-

173 2678 305 2746 tiusdc
333 2679 430 2747 claris
463 2681 534 2746 viris
563 2680 704 2749 locorum
732 2681 896 2751 admonitu
928 2683 1103 2770 cogitemus.

171 2801 239 2868 scis
259 2802 344 2866 enim
362 2824 412 2869 me
428 2799 566 2892 quodam
584 2817 722 2892 tempore
743 2804 965 2895 Metapontum
989 2803 1104 2872 venisse

171 2937 296 3004 mcum,
326 2919 493 3013 nequead
520 2921 676 3012 hospitem
698 2939 769 2989 ante
797 2921 984 3007 devertisse,
1008 2947 1103 3014 quam

170 3039 358 3130 Pythagorae
381 3041 487 3135 ipsum
499 3039 587 3107 illum
603 3040 728 3126 locum,
750 3044 806 3111 uhi
827 3044 925 3121 vitam
942 3040 1102 3129 ediderat,

170 3158 338 3252 sedemque
356 3158 497 3227 viderim.
534 3163 603 3229 Hoc
623 3179 727 3233 autent
753 3179 915 3253 tempore,
937 3165 995 3231 etsi
1015 3162 1100 3231 mul·

170 3296 200 3346 ta
239 3282 275 3346 in
307 3281 393 3347 omni
422 3297 512 3374 parte
541 3281 739 3355 Athenarum
767 3298 841 3346 sunt
866 3283 901 3349 in
924 3283 999 3374 ipsis
1029 3282 1100 3351 locis

169 3397 285 3468 indicia
314 3424 507 3467 summorum
522 3401 693 3469 ,uroruma
719 3417 822 3467 nmen
840 3396 957 3488 eguilla
977 3422 1099 3469 moveor

168 3516 290 3584 exedra.
325 3517 424 3586 Modo
445 3521 528 3584 enim
551 3517 612 3584 suit
638 3519 828 3610 Charmadas
835 3549 846 3606 3
871 3543 968 3613 quem
995 3506 1109 3588 videre

165 3633 272 3702 videor
284 3687 294 3721 ,
308 3633 366 3724 (est
386 3639 471 3705 euim
493 3654 565 3704 nota
586 3639 698 3728 imago)
718 3664 737 3703 a
763 3636 898 3729 sedeque
916 3640 1004 3729 ipsa,
1021 3639 1093 3705 tanti

51 3808 55 3815 .
167 3754 284 3841 ingenii
306 3753 520 3844 magnitudine
541 3744 669 3842 orbata,
692 3755 857 3824 desiderari
878 3759 962 3853 illam
991 3781 1092 3827 vocem

165 3891 256 3967 puto.
302 3878 390 3944 Tum
409 3877 505 3962 Piso,
533 3877 692 3969 Quoniam
713 3878 808 3965 igitur
834 3875 953 3969 aliquid
971 3899 1088 3959 omues,
