<?xml version="1.0" encoding="UTF-8"?>
<!DOCTYPE html PUBLIC "-//W3C//DTD XHTML 1.0 Transitional//EN"
    "http://www.w3.org/TR/xhtml1/DTD/xhtml1-transitional.dtd">
<html xmlns="http://www.w3.org/1999/xhtml" xml:lang="en" lang="en">
 <head>
  <title>
</title>
<meta http-equiv="Content-Type" content="text/html;charset=utf-8" />
  <meta name='ocr-system' content='tesseract 3.04.00' />
  <meta name='ocr-capabilities' content='ocr_page ocr_carea ocr_par ocr_line ocrx_word'/>
</head>
<body>
  <div class='ocr_page' id='page_1' title='image "./mtulliuscicerop00kolkgoog_0155.png"; bbox 0 0 2536 4724; ppageno 0'>
   <div class='ocr_carea' id='block_1_1' title="bbox 596 420 657 488">
    <p class='ocr_par' dir='ltr' id='par_1_1' title="bbox 596 420 657 488">
     <span class='ocr_line' id='line_1_1' title="bbox 596 420 657 488; baseline 0.033 -2"><span class='ocrx_word' id='word_1_1' title='bbox 596 420 657 488; x_wconf 73' lang='lat'>1³2</span> 
     </span>
    </p>
   </div>
   <div class='ocr_carea' id='block_1_2' title="bbox 144 586 1118 3543">
    <p class='ocr_par' dir='ltr' id='par_1_2' title="bbox 144 586 1118 2002">
     <span class='ocr_line' id='line_1_2' title="bbox 167 586 1092 681; baseline -0.015 -13"><span class='ocrx_word' id='word_1_2' title='bbox 167 601 237 668; x_wconf 89' lang='lat' dir='ltr'>buit</span> <span class='ocrx_word' id='word_1_3' title='bbox 256 595 444 681; x_wconf 80' lang='lat' dir='ltr'><strong>auditorem,</strong></span> <span class='ocrx_word' id='word_1_4' title='bbox 467 593 521 663; x_wconf 89' lang='lat' dir='ltr'>sed</span> <span class='ocrx_word' id='word_1_5' title='bbox 543 592 775 662; x_wconf 85' lang='lat' dir='ltr'>admirationem</span> <span class='ocrx_word' id='word_1_6' title='bbox 808 589 940 681; x_wconf 81' lang='lat' dir='ltr'>quoque</span> <span class='ocrx_word' id='word_1_7' title='bbox 971 586 1092 656; x_wconf 60' lang='lat' dir='ltr'>eicere</span> 
     </span>
     <span class='ocr_line' id='line_1_3' title="bbox 169 704 1092 800; baseline -0.014 -15"><span class='ocrx_word' id='word_1_8' title='bbox 169 721 216 786; x_wconf 90' lang='lat' dir='ltr'>nis</span> <span class='ocrx_word' id='word_1_9' title='bbox 242 720 348 785; x_wconf 87' lang='lat' dir='ltr'>movit.</span> <span class='ocrx_word' id='word_1_10' title='bbox 402 716 532 784; x_wconf 84' lang='lat' dir='ltr'>Altero</span> <span class='ocrx_word' id='word_1_11' title='bbox 563 714 744 781; x_wconf 87' lang='lat' dir='ltr'>Panaetiana</span> <span class='ocrx_word' id='word_1_12' title='bbox 776 706 947 800; x_wconf 72' lang='lat' dir='ltr'>&#39;disciplina&#39;</span> <span class='ocrx_word' id='word_1_13' title='bbox 966 704 1092 800; x_wconf 74' lang='lat' dir='ltr'>profes-¹</span> 
     </span>
     <span class='ocr_line' id='line_1_4' title="bbox 170 827 1090 927; baseline -0.013 -25"><span class='ocrx_word' id='word_1_14' title='bbox 170 853 235 921; x_wconf 89' lang='lat' dir='ltr'>tus,</span> <span class='ocrx_word' id='word_1_15' title='bbox 259 835 440 905; x_wconf 88' lang='lat' dir='ltr'>Posidonius</span> <span class='ocrx_word' id='word_1_16' title='bbox 465 833 689 927; x_wconf 75' lang='lat' dir='ltr'>Apameensis,</span> <span class='ocrx_word' id='word_1_17' title='bbox 712 830 876 923; x_wconf 84' lang='lat' dir='ltr'>peragratis</span> <span class='ocrx_word' id='word_1_18' title='bbox 908 827 1016 895; x_wconf 91' lang='lat' dir='ltr'>multis</span> <span class='ocrx_word' id='word_1_19' title='bbox 1043 848 1090 890; x_wconf 87' lang='lat' dir='ltr'>re·</span> 
     </span>
     <span class='ocr_line' id='line_1_5' title="bbox 144 943 1118 1044; baseline -0.008 -24"><span class='ocrx_word' id='word_1_20' title='bbox 144 959 147 966; x_wconf 85' lang='lat'>&#39;</span> <span class='ocrx_word' id='word_1_21' title='bbox 168 957 330 1044; x_wconf 88' lang='lat' dir='ltr'>gionibus,</span> <span class='ocrx_word' id='word_1_22' title='bbox 366 952 516 1021; x_wconf 90' lang='lat' dir='ltr'>Rhodum</span> <span class='ocrx_word' id='word_1_23' title='bbox 537 977 568 1018; x_wconf 88' lang='lat' dir='ltr'>se</span> <span class='ocrx_word' id='word_1_24' title='bbox 589 952 730 1043; x_wconf 83' lang='lat' dir='ltr'>recepit,</span> <span class='ocrx_word' id='word_1_25' title='bbox 759 951 868 1040; x_wconf 83' lang='lat' dir='ltr'>ibique</span> <span class='ocrx_word' id='word_1_26' title='bbox 892 946 1030 1014; x_wconf 92' lang='lat' dir='ltr'>scholam</span> <span class='ocrx_word' id='word_1_27' title='bbox 1049 943 1092 1012; x_wconf 74' lang='lat' dir='ltr'>td</span> <span class='ocrx_word' id='word_1_28' title='bbox 1115 1014 1118 1021; x_wconf 81' lang='grc'>,</span> 
     </span>
     <span class='ocr_line' id='line_1_6' title="bbox 169 1056 1089 1168; baseline -0.013 -27"><span class='ocrx_word' id='word_1_29' title='bbox 169 1056 319 1168; x_wconf 87' lang='lat' dir='ltr'>explicuit</span> <span class='ocrx_word' id='word_1_30' title='bbox 340 1097 471 1156; x_wconf 88' lang='lat' dir='ltr'>novam,</span> <span class='ocrx_word' id='word_1_31' title='bbox 493 1071 541 1140; x_wconf 87' lang='lat' dir='ltr'>vel</span> <span class='ocrx_word' id='word_1_32' title='bbox 562 1086 697 1137; x_wconf 87' lang='lat' dir='ltr'>veterem</span> <span class='ocrx_word' id='word_1_33' title='bbox 711 1064 765 1132; x_wconf 90' lang='lat' dir='ltr'>sed</span> <span class='ocrx_word' id='word_1_34' title='bbox 777 1064 952 1152; x_wconf 86' lang='lat' dir='ltr'>ignobilem·</span> <span class='ocrx_word' id='word_1_35' title='bbox 968 1086 1089 1131; x_wconf 83' lang='lat' dir='ltr'>renota·</span> 
     </span>
     <span class='ocr_line' id='line_1_7' title="bbox 167 1183 1086 1276; baseline -0.014 -14"><span class='ocrx_word' id='word_1_36' title='bbox 167 1195 271 1262; x_wconf 81' lang='lat' dir='ltr'>rit1).</span> <span class='ocrx_word' id='word_1_37' title='bbox 315 1194 395 1261; x_wconf 87' lang='lat' dir='ltr'>Nam</span> <span class='ocrx_word' id='word_1_38' title='bbox 419 1191 599 1257; x_wconf 82' lang='lat' dir='ltr'>Panaetium</span> <span class='ocrx_word' id='word_1_39' title='bbox 620 1184 727 1254; x_wconf 89' lang='lat' dir='ltr'>Rhodi</span> <span class='ocrx_word' id='word_1_40' title='bbox 745 1184 907 1268; x_wconf 79' lang='lat' dir='ltr'>docuisse,</span> <span class='ocrx_word' id='word_1_41' title='bbox 929 1183 1004 1251; x_wconf 88' lang='lat' dir='ltr'>ideo</span> <span class='ocrx_word' id='word_1_42' title='bbox 1022 1206 1086 1276; x_wconf 87' lang='lat' dir='ltr'>pto·</span> 
     </span>
     <span class='ocr_line' id='line_1_8' title="bbox 169 1306 1087 1399; baseline -0.011 -21"><span class='ocrx_word' id='word_1_43' title='bbox 169 1310 326 1378; x_wconf 81' lang='lat' dir='ltr'>habilitate</span> <span class='ocrx_word' id='word_1_44' title='bbox 353 1326 457 1393; x_wconf 90' lang='lat' dir='ltr'>caret,</span> <span class='ocrx_word' id='word_1_45' title='bbox 502 1306 629 1399; x_wconf 88' lang='lat' dir='ltr'>quoda</span> <span class='ocrx_word' id='word_1_46' title='bbox 657 1309 807 1375; x_wconf 86' lang='lat' dir='ltr'>Cicerone</span> <span class='ocrx_word' id='word_1_47' title='bbox 835 1306 871 1370; x_wconf 91' lang='lat' dir='ltr'>iis</span> <span class='ocrx_word' id='word_1_48' title='bbox 900 1319 1087 1385; x_wconf 81' lang='lat' dir='ltr'>accensetur,</span> 
     </span>
     <span class='ocr_line' id='line_1_9' title="bbox 170 1419 1090 1521; baseline -0.01 -26"><span class='ocrx_word' id='word_1_49' title='bbox 170 1431 227 1521; x_wconf 83' lang='lat' dir='ltr'>qui</span> <span class='ocrx_word' id='word_1_50' title='bbox 257 1429 349 1495; x_wconf 93' lang='lat' dir='ltr'>semel</span> <span class='ocrx_word' id='word_1_51' title='bbox 377 1431 487 1516; x_wconf 81' lang='lat' dir='ltr'>egressi</span> <span class='ocrx_word' id='word_1_52' title='bbox 507 1452 525 1493; x_wconf 88' lang='lat' dir='ltr'>e</span> <span class='ocrx_word' id='word_1_53' title='bbox 546 1429 643 1520; x_wconf 90' lang='lat' dir='ltr'>patria</span> <span class='ocrx_word' id='word_1_54' title='bbox 665 1450 831 1516; x_wconf 85' lang='lat' dir='ltr'>nunquam</span> <span class='ocrx_word' id='word_1_55' title='bbox 861 1425 1044 1492; x_wconf 75' lang='lat' dir='ltr'>reverterim</span> <span class='ocrx_word' id='word_1_56' title='bbox 1056 1419 1090 1488; x_wconf 81' lang='lat'>¹).</span> 
     </span>
     <span class='ocr_line' id='line_1_10' title="bbox 170 1542 1089 1638; baseline -0.009 -23"><span class='ocrx_word' id='word_1_57' title='bbox 170 1549 239 1615; x_wconf 90' lang='lat' dir='ltr'>Hoc</span> <span class='ocrx_word' id='word_1_58' title='bbox 264 1565 397 1629; x_wconf 87' lang='lat' dir='ltr'>constat,</span> <span class='ocrx_word' id='word_1_59' title='bbox 420 1545 620 1615; x_wconf 87' lang='lat' dir='ltr'>Posidonium</span> <span class='ocrx_word' id='word_1_60' title='bbox 648 1544 734 1638; x_wconf 89' lang='lat' dir='ltr'>apud</span> <span class='ocrx_word' id='word_1_61' title='bbox 754 1542 895 1612; x_wconf 89' lang='lat' dir='ltr'>Rhodios</span> <span class='ocrx_word' id='word_1_62' title='bbox 919 1560 953 1610; x_wconf 89' lang='lat' dir='ltr'>et</span> <span class='ocrx_word' id='word_1_63' title='bbox 977 1543 1089 1611; x_wconf 76' lang='lat' dir='ltr'>maxim</span> 
     </span>
     <span class='ocr_line' id='line_1_11' title="bbox 171 1657 1089 1751; baseline -0.004 -19"><span class='ocrx_word' id='word_1_64' title='bbox 171 1665 331 1734; x_wconf 89' lang='lat' dir='ltr'>doctrinae</span> <span class='ocrx_word' id='word_1_65' title='bbox 354 1669 433 1735; x_wconf 79' lang='lat' dir='ltr'>lnma</span> <span class='ocrx_word' id='word_1_66' title='bbox 458 1668 615 1751; x_wconf 88' lang='lat' dir='ltr'>floruisse,</span> <span class='ocrx_word' id='word_1_67' title='bbox 638 1682 670 1732; x_wconf 90' lang='lat' dir='ltr'>et</span> <span class='ocrx_word' id='word_1_68' title='bbox 691 1662 873 1732; x_wconf 82' lang='lat' dir='ltr'>decivitate</span> <span class='ocrx_word' id='word_1_69' title='bbox 887 1687 1001 1730; x_wconf 86' lang='lat' dir='ltr'>eorum</span> <span class='ocrx_word' id='word_1_70' title='bbox 1019 1657 1089 1728; x_wconf 81' lang='lat' dir='ltr'>mul-</span> 
     </span>
     <span class='ocr_line' id='line_1_12' title="bbox 171 1781 1090 1877; baseline -0.001 -28"><span class='ocrx_word' id='word_1_71' title='bbox 171 1785 272 1877; x_wconf 92' lang='lat' dir='ltr'>tiplici</span> <span class='ocrx_word' id='word_1_72' title='bbox 295 1791 421 1855; x_wconf 89' lang='lat' dir='ltr'>nomine</span> <span class='ocrx_word' id='word_1_73' title='bbox 458 1790 574 1875; x_wconf 77' lang='lat' dir='ltr'>egregie</span> <span class='ocrx_word' id='word_1_74' title='bbox 604 1788 753 1853; x_wconf 86' lang='lat' dir='ltr'>meritum</span> <span class='ocrx_word' id='word_1_75' title='bbox 784 1807 857 1851; x_wconf 87' lang='lat' dir='ltr'>esse.</span> <span class='ocrx_word' id='word_1_76' title='bbox 912 1781 1013 1876; x_wconf 89' lang='lat' dir='ltr'>Quod</span> <span class='ocrx_word' id='word_1_77' title='bbox 1039 1783 1090 1870; x_wconf 75' lang='lat' dir='ltr'>jen</span> 
     </span>
     <span class='ocr_line' id='line_1_13' title="bbox 174 1903 606 2002; baseline 0.009 -32"><span class='ocrx_word' id='word_1_78' title='bbox 174 1903 350 1994; x_wconf 88' lang='lat' dir='ltr'>diligentius</span> <span class='ocrx_word' id='word_1_79' title='bbox 374 1933 606 2002; x_wconf 87' lang='lat' dir='ltr'>persequamur.</span> 
     </span>
    </p>

    <p class='ocr_par' dir='ltr' id='par_1_3' title="bbox 164 2027 1089 3543">
     <span class='ocr_line' id='line_1_14' title="bbox 214 2027 1089 2114; baseline 0.001 -23"><span class='ocrx_word' id='word_1_80' title='bbox 214 2027 437 2093; x_wconf 87' lang='lat' dir='ltr'>Liberalissime</span> <span class='ocrx_word' id='word_1_81' title='bbox 460 2029 620 2093; x_wconf 89' lang='lat' dir='ltr'>institutus</span> <span class='ocrx_word' id='word_1_82' title='bbox 640 2029 675 2093; x_wconf 90' lang='lat' dir='ltr'>iis</span> <span class='ocrx_word' id='word_1_83' title='bbox 696 2029 812 2093; x_wconf 87' lang='lat' dir='ltr'>artibus</span> <span class='ocrx_word' id='word_1_84' title='bbox 837 2028 1008 2109; x_wconf 88' lang='lat' dir='ltr'>omnibus,</span> <span class='ocrx_word' id='word_1_85' title='bbox 1027 2038 1089 2114; x_wconf 67' lang='lat' dir='ltr'>qut</span> 
     </span>
     <span class='ocr_line' id='line_1_15' title="bbox 172 2142 1088 2237; baseline -0.001 -28"><span class='ocrx_word' id='word_1_86' title='bbox 172 2142 281 2211; x_wconf 85' lang='lat' dir='ltr'>decere</span> <span class='ocrx_word' id='word_1_87' title='bbox 299 2169 474 2230; x_wconf 89' lang='lat' dir='ltr'>generosam</span> <span class='ocrx_word' id='word_1_88' title='bbox 495 2145 632 2213; x_wconf 89' lang='lat' dir='ltr'>indolem</span> <span class='ocrx_word' id='word_1_89' title='bbox 651 2146 824 2237; x_wconf 81' lang='lat' dir='ltr'>putantur,</span> <span class='ocrx_word' id='word_1_90' title='bbox 846 2147 934 2211; x_wconf 86' lang='lat' dir='ltr'>auxit</span> <span class='ocrx_word' id='word_1_91' title='bbox 957 2158 1088 2211; x_wconf 81' lang='lat' dir='ltr'>constan·</span> 
     </span>
     <span class='ocr_line' id='line_1_16' title="bbox 171 2256 1089 2355; baseline -0.003 -28"><span class='ocrx_word' id='word_1_92' title='bbox 171 2279 220 2328; x_wconf 89' lang='lat' dir='ltr'>ter</span> <span class='ocrx_word' id='word_1_93' title='bbox 235 2287 340 2327; x_wconf 87' lang='lat' dir='ltr'>earum</span> <span class='ocrx_word' id='word_1_94' title='bbox 358 2266 511 2355; x_wconf 88' lang='lat' dir='ltr'>peritiam.</span> <span class='ocrx_word' id='word_1_95' title='bbox 534 2265 749 2354; x_wconf 86' lang='lat' dir='ltr'>Quamobrem</span> <span class='ocrx_word' id='word_1_96' title='bbox 768 2289 833 2332; x_wconf 93' lang='lat' dir='ltr'>non</span> <span class='ocrx_word' id='word_1_97' title='bbox 852 2264 956 2331; x_wconf 87' lang='lat' dir='ltr'>solum</span> <span class='ocrx_word' id='word_1_98' title='bbox 975 2256 1089 2330; x_wconf 70' lang='lat' dir='ltr'>Athenis</span> 
     </span>
     <span class='ocr_line' id='line_1_17' title="bbox 171 2374 1089 2475; baseline -0.003 -30"><span class='ocrx_word' id='word_1_99' title='bbox 171 2382 206 2446; x_wconf 92' lang='lat' dir='ltr'>in</span> <span class='ocrx_word' id='word_1_100' title='bbox 226 2381 422 2474; x_wconf 87' lang='lat' dir='ltr'>philosophia</span> <span class='ocrx_word' id='word_1_101' title='bbox 447 2408 573 2475; x_wconf 82' lang='lat' dir='ltr'>operam</span> <span class='ocrx_word' id='word_1_102' title='bbox 595 2374 683 2450; x_wconf 88' lang='lat' dir='ltr'>dedit</span> <span class='ocrx_word' id='word_1_103' title='bbox 709 2385 869 2467; x_wconf 83' lang='lat' dir='ltr'>Panaetio,</span> <span class='ocrx_word' id='word_1_104' title='bbox 892 2403 1030 2472; x_wconf 77' lang='lat' dir='ltr'>eumque</span> <span class='ocrx_word' id='word_1_105' title='bbox 1047 2394 1089 2443; x_wconf 84' lang='lat' dir='ltr'>tt·</span> 
     </span>
     <span class='ocr_line' id='line_1_18' title="bbox 173 2497 1089 2595; baseline 0.003 -32"><span class='ocrx_word' id='word_1_106' title='bbox 173 2501 358 2566; x_wconf 88' lang='lat' dir='ltr'>curatissime</span> <span class='ocrx_word' id='word_1_107' title='bbox 389 2499 429 2566; x_wconf 90' lang='lat' dir='ltr'>de</span> <span class='ocrx_word' id='word_1_108' title='bbox 460 2503 554 2567; x_wconf 90' lang='lat' dir='ltr'>rebus</span> <span class='ocrx_word' id='word_1_109' title='bbox 583 2504 718 2595; x_wconf 75' lang='lat' dir='ltr'>physicis</span> <span class='ocrx_word' id='word_1_110' title='bbox 742 2520 774 2570; x_wconf 91' lang='lat' dir='ltr'>et</span> <span class='ocrx_word' id='word_1_111' title='bbox 806 2503 977 2571; x_wconf 85' lang='lat' dir='ltr'>moralibus</span> <span class='ocrx_word' id='word_1_112' title='bbox 1007 2497 1089 2566; x_wconf 57' lang='lat' dir='ltr'>dise</span> 
     </span>
     <span class='ocr_line' id='line_1_19' title="bbox 171 2619 1088 2714; baseline 0.003 -31"><span class='ocrx_word' id='word_1_113' title='bbox 171 2635 293 2686; x_wconf 87' lang='lat' dir='ltr'>rentem</span> <span class='ocrx_word' id='word_1_114' title='bbox 316 2619 453 2705; x_wconf 87' lang='lat' dir='ltr'>audivit,</span> <span class='ocrx_word' id='word_1_115' title='bbox 475 2646 585 2690; x_wconf 87' lang='lat' dir='ltr'>verum</span> <span class='ocrx_word' id='word_1_116' title='bbox 612 2625 723 2707; x_wconf 90' lang='lat' dir='ltr'>etiam,</span> <span class='ocrx_word' id='word_1_117' title='bbox 758 2648 823 2714; x_wconf 90' lang='lat' dir='ltr'>quo</span> <span class='ocrx_word' id='word_1_118' title='bbox 843 2640 910 2688; x_wconf 90' lang='lat' dir='ltr'>erat</span> <span class='ocrx_word' id='word_1_119' title='bbox 934 2619 1088 2688; x_wconf 72' lang='lat' dir='ltr'>adolescent</span> 
     </span>
     <span class='ocr_line' id='line_1_20' title="bbox 169 2736 1087 2835; baseline -0.001 -34"><span class='ocrx_word' id='word_1_120' title='bbox 169 2736 288 2822; x_wconf 83' lang='lat' dir='ltr'>ingenti</span> <span class='ocrx_word' id='word_1_121' title='bbox 318 2737 430 2806; x_wconf 89' lang='lat' dir='ltr'>ductus</span> <span class='ocrx_word' id='word_1_122' title='bbox 455 2739 598 2808; x_wconf 90' lang='lat' dir='ltr'>discendi</span> <span class='ocrx_word' id='word_1_123' title='bbox 626 2740 755 2826; x_wconf 87' lang='lat' dir='ltr'>ardore,</span> <span class='ocrx_word' id='word_1_124' title='bbox 778 2765 889 2835; x_wconf 88' lang='lat' dir='ltr'>parare</span> <span class='ocrx_word' id='word_1_125' title='bbox 915 2741 975 2806; x_wconf 89' lang='lat' dir='ltr'>sibi</span> <span class='ocrx_word' id='word_1_126' title='bbox 1004 2737 1087 2802; x_wconf 84' lang='lat' dir='ltr'>histo·</span> 
     </span>
     <span class='ocr_line' id='line_1_21' title="bbox 170 2851 1087 2950; baseline 0.004 -34"><span class='ocrx_word' id='word_1_127' title='bbox 170 2853 251 2936; x_wconf 91' lang='lat' dir='ltr'>riae,</span> <span class='ocrx_word' id='word_1_128' title='bbox 295 2857 514 2950; x_wconf 84' lang='lat' dir='ltr'>geographiae,</span> <span class='ocrx_word' id='word_1_129' title='bbox 555 2860 756 2925; x_wconf 87' lang='lat' dir='ltr'>astronomiae</span> <span class='ocrx_word' id='word_1_130' title='bbox 786 2861 932 2926; x_wconf 92' lang='lat' dir='ltr'>notitiam</span> <span class='ocrx_word' id='word_1_131' title='bbox 964 2851 1087 2922; x_wconf 73' lang='lat' dir='ltr'>instituit</span> 
     </span>
     <span class='ocr_line' id='line_1_22' title="bbox 170 2974 1087 3067; baseline 0.002 -30"><span class='ocrx_word' id='word_1_132' title='bbox 170 2974 281 3065; x_wconf 86' lang='lat' dir='ltr'>Neque</span> <span class='ocrx_word' id='word_1_133' title='bbox 322 2976 438 3059; x_wconf 85' lang='lat' dir='ltr'>etiarn,</span> <span class='ocrx_word' id='word_1_134' title='bbox 481 3001 546 3066; x_wconf 89' lang='lat' dir='ltr'>quo</span> <span class='ocrx_word' id='word_1_135' title='bbox 585 2979 679 3063; x_wconf 87' lang='lat' dir='ltr'>magis</span> <span class='ocrx_word' id='word_1_136' title='bbox 715 2976 830 3043; x_wconf 74' lang='lat' dir='ltr'>haruin</span> <span class='ocrx_word' id='word_1_137' title='bbox 874 2975 1087 3067; x_wconf 72' lang='lat' dir='ltr'>disciplinam</span> 
     </span>
     <span class='ocr_line' id='line_1_23' title="bbox 171 3080 1086 3186; baseline 0.001 -30"><span class='ocrx_word' id='word_1_138' title='bbox 171 3092 311 3159; x_wconf 81' lang='lat' dir='ltr'>ubertate</span> <span class='ocrx_word' id='word_1_139' title='bbox 341 3096 556 3180; x_wconf 86' lang='lat' dir='ltr'>imbueretur,</span> <span class='ocrx_word' id='word_1_140' title='bbox 590 3098 813 3186; x_wconf 81' lang='lat' dir='ltr'>materiamque</span> <span class='ocrx_word' id='word_1_141' title='bbox 835 3097 1033 3185; x_wconf 90' lang='lat' dir='ltr'>conquireret</span> <span class='ocrx_word' id='word_1_142' title='bbox 1047 3080 1086 3186; x_wconf 24' lang='lat' dir='ltr'>&#39;ti</span> 
     </span>
     <span class='ocr_line' id='line_1_24' title="bbox 164 3194 1085 3306; baseline 0.005 -32"><span class='ocrx_word' id='word_1_143' title='bbox 164 3211 264 3276; x_wconf 70' lang='lat' dir='ltr'>sarias</span> <span class='ocrx_word' id='word_1_144' title='bbox 293 3235 399 3277; x_wconf 87' lang='lat' dir='ltr'>earum</span> <span class='ocrx_word' id='word_1_145' title='bbox 424 3194 528 3306; x_wconf 84' lang='lat' dir='ltr'>partes</span> <span class='ocrx_word' id='word_1_146' title='bbox 555 3213 707 3299; x_wconf 91' lang='lat' dir='ltr'>augendas</span> <span class='ocrx_word' id='word_1_147' title='bbox 728 3230 760 3279; x_wconf 90' lang='lat' dir='ltr'>et</span> <span class='ocrx_word' id='word_1_148' title='bbox 781 3212 999 3293; x_wconf 85' lang='lat' dir='ltr'>illustrandas,</span> <span class='ocrx_word' id='word_1_149' title='bbox 1024 3226 1085 3302; x_wconf 54' lang='lat' dir='ltr'>p&amp;</span> 
     </span>
     <span class='ocr_line' id='line_1_25' title="bbox 169 3320 1083 3423; baseline -0.002 -30"><span class='ocrx_word' id='word_1_150' title='bbox 169 3332 364 3414; x_wconf 86' lang='lat' dir='ltr'>egrinationis</span> <span class='ocrx_word' id='word_1_151' title='bbox 400 3357 455 3421; x_wconf 89' lang='lat' dir='ltr'>per</span> <span class='ocrx_word' id='word_1_152' title='bbox 496 3333 655 3423; x_wconf 84' lang='lat' dir='ltr'>Europam</span> <span class='ocrx_word' id='word_1_153' title='bbox 694 3320 846 3399; x_wconf 80' lang='lat' dir='ltr'>recusavit</span> <span class='ocrx_word' id='word_1_154' title='bbox 881 3329 1083 3397; x_wconf 77' lang='lat' dir='ltr'>difficultatem</span> 
     </span>
     <span class='ocr_line' id='line_1_26' title="bbox 169 3443 1085 3543; baseline -0.005 -29"><span class='ocrx_word' id='word_1_155' title='bbox 169 3447 279 3514; x_wconf 83' lang='lat' dir='ltr'>Redux</span> <span class='ocrx_word' id='word_1_156' title='bbox 310 3448 425 3516; x_wconf 88' lang='lat' dir='ltr'>deinde</span> <span class='ocrx_word' id='word_1_157' title='bbox 446 3449 615 3532; x_wconf 87' lang='lat' dir='ltr'>Rhodum,</span> <span class='ocrx_word' id='word_1_158' title='bbox 636 3452 872 3543; x_wconf 69' lang='lat' dir='ltr'>occupatissimi</span> <span class='ocrx_word' id='word_1_159' title='bbox 894 3451 957 3516; x_wconf 65' lang='lat' dir='ltr'>viti</span> <span class='ocrx_word' id='word_1_160' title='bbox 979 3443 1085 3513; x_wconf 66' lang='lat' dir='ltr'>functus</span> 
     </span>
    </p>
   </div>
   <div class='ocr_carea' id='block_1_3' title="bbox 168 3557 1084 3658">
    <p class='ocr_par' dir='ltr' id='par_1_4' title="bbox 168 3557 1084 3658">
     <span class='ocr_line' id='line_1_27' title="bbox 168 3557 1084 3658; baseline -0.002 -26"><span class='ocrx_word' id='word_1_161' title='bbox 168 3581 224 3632; x_wconf 82' lang='lat' dir='ltr'>est.</span> <span class='ocrx_word' id='word_1_162' title='bbox 266 3569 390 3636; x_wconf 90' lang='lat' dir='ltr'>Morem</span> <span class='ocrx_word' id='word_1_163' title='bbox 415 3571 500 3635; x_wconf 91' lang='lat' dir='ltr'>enim</span> <span class='ocrx_word' id='word_1_164' title='bbox 520 3584 643 3635; x_wconf 90' lang='lat' dir='ltr'>secutus</span> <span class='ocrx_word' id='word_1_165' title='bbox 663 3573 820 3655; x_wconf 88' lang='lat' dir='ltr'>Panaetii,</span> <span class='ocrx_word' id='word_1_166' title='bbox 844 3571 962 3658; x_wconf 83' lang='lat' dir='ltr'>egregie</span> <span class='ocrx_word' id='word_1_167' title='bbox 982 3557 1084 3658; x_wconf 72' lang='lat' dir='ltr'>proluit</span> 
     </span>
    </p>
   </div>
   <div class='ocr_carea' id='block_1_4' title="bbox 168 3842 1083 4014">
    <p class='ocr_par' dir='ltr' id='par_1_5' title="bbox 168 3842 1083 4014">
     <span class='ocr_line' id='line_1_28' title="bbox 202 3842 1083 3921; baseline 0.01 -26"><span class='ocrx_word' id='word_1_168' title='bbox 202 3845 229 3911; x_wconf 76' lang='lat' dir='ltr'>s)</span> <span class='ocrx_word' id='word_1_169' title='bbox 250 3842 316 3896; x_wconf 80' lang='lat' dir='ltr'>vio.</span> <span class='ocrx_word' id='word_1_170' title='bbox 345 3845 423 3899; x_wconf 78' lang='lat' dir='ltr'>Batti</span> <span class='ocrx_word' id='word_1_171' title='bbox 451 3850 634 3904; x_wconf 79' lang='lat' dir='ltr'>eruditissime</span> <span class='ocrx_word' id='word_1_172' title='bbox 661 3854 763 3921; x_wconf 85' lang='lat' dir='ltr'>disput.</span> <span class='ocrx_word' id='word_1_173' title='bbox 790 3857 823 3910; x_wconf 81' lang='lat' dir='ltr'>de</span> <span class='ocrx_word' id='word_1_174' title='bbox 852 3853 993 3910; x_wconf 82' lang='lat' dir='ltr'>Posidonio</span> <span class='ocrx_word' id='word_1_175' title='bbox 1009 3866 1034 3915; x_wconf 78' lang='lat' dir='ltr'>p·</span> <span class='ocrx_word' id='word_1_176' title='bbox 1049 3842 1083 3896; x_wconf 58' lang='lat' dir='ltr'>ti·</span> 
     </span>
     <span class='ocr_line' id='line_1_29' title="bbox 168 3929 742 4014; baseline 0.007 -23"><span class='ocrx_word' id='word_1_177' title='bbox 168 3929 314 4000; x_wconf 67' lang='lat' dir='ltr'>brudeum</span> <span class='ocrx_word' id='word_1_178' title='bbox 331 3951 362 4003; x_wconf 82' lang='lat'>1¹·</span> <span class='ocrx_word' id='word_1_179' title='bbox 382 3953 425 4007; x_wconf 69' lang='lat' dir='ltr'>ty·</span> <span class='ocrx_word' id='word_1_180' title='bbox 494 3941 523 4010; x_wconf 76' lang='lat' dir='ltr'>a)</span> <span class='ocrx_word' id='word_1_181' title='bbox 546 3941 627 3999; x_wconf 77' lang='lat' dir='ltr'>Tute.</span> <span class='ocrx_word' id='word_1_182' title='bbox 648 3943 683 3998; x_wconf 77' lang='lat' dir='ltr'>V.</span> <span class='ocrx_word' id='word_1_183' title='bbox 700 3945 742 4014; x_wconf 71' lang='lat'>57.</span> 
     </span>
    </p>
   </div>
   <div class='ocr_carea' id='block_1_5' title="bbox 0 0 1272 4724">
    <p class='ocr_par' dir='ltr' id='par_1_6' title="bbox 0 0 1272 4724">
     <span class='ocr_line' id='line_1_30' title="bbox 0 0 1272 4724; baseline 0 1"><span class='ocrx_word' id='word_1_184' title='bbox 0 0 1272 4724; x_wconf 95' lang='lat' dir='ltr'> </span> 
     </span>
    </p>
   </div>
  </div>
 </body>
</html>
