2536 4724
632 278 698 345 278

213 452 280 532 chi,
299 453 456 536 Panaetii,
478 450 632 520 Posidonii
650 475 747 542 ,opera
772 453 934 521 tractabat.
978 451 1131 523 Aristotc-

208 572 245 643 tis
268 589 362 664 atque
392 573 669 661 Peripateticorum
702 569 896 661 reliquorum
923 573 1063 661 scripta,
1083 572 1133 639 uhi

210 694 338 758 Romam
349 709 435 757 erant
446 690 563 779 perlata
581 708 612 756 et
630 692 664 757 in
685 691 895 799 complurium
917 717 1029 756 manus
1050 709 1133 782 atque

209 835 401 904 principum
403 835 539 876 ιιιοιιιιιι
562 810 761 876 blbhothecas
771 829 997 903 pervenerant
1010 811 1134 878 studiose

211 928 340 1016 legebat.
360 931 473 1018 Neque
500 953 571 995 varo
591 931 625 994 in
653 930 828 996 Stoicorum
844 946 938 1021 atque
962 932 1133 1020 Epicureo-

213 1073 285 1115 rum
305 1049 426 1137 scriptis
441 1073 477 1114 ac
495 1047 613 1139 placitis
642 1047 754 1136 hospes
767 1047 857 1130 istit,
881 1073 1020 1137 quornm
1048 1049 1136 1116 muita

215 1169 304 1234 nobis
321 1164 480 1260 deperdita
499 1164 562 1231 loca
583 1164 797 1253 infinita-ejus·
814 1164 948 1232 eruditio
969 1169 1108 1235 servavit.

257 1287 490 1367 Veruntamen,
514 1287 653 1375 quamvis
671 1287 713 1351 ita
729 1286 862 1376 aprima
885 1283 962 1350 indo
983 1283 1081 1353 aetate
1100 1282 1135 1350 ad

215 1427 368 1491 summam!
376 1419 565 1469 senectutem
587 1405 778 1470 Graecorum
798 1406 912 1493 scripta
931 1403 1136 1496 philosopho·

215 1494 738 1615 rumlectrtaretpertracta1etque
754 1539 858 1587 tamen
867 1546 916 1588 eos
926 1540 1034 1588 ceteus
1046 1546 1136 1615 prae

217 1639 287 1706 tulit
294 1639 593 1733 ‚lubentissimeque
614 1640 712 1726 legere
732 1642 912 1723 consuevit,
927 1667 1006 1751 quos
1030 1644 1137 1734 prori-

216 1757 322 1827 mead
341 1756 501 1824 Platonem
518 1760 674 1828 accessisse
692 1747 824 1826 videbat.
867 1763 958 1826 Non
953 1764 1080 1869 s'pr'evit
1094 1762 1139 1829 iile

219 1877 348 1972 qm'dem
369 1879 608 1970 Chrysippum,
623 1879 830 1959 Cleanthem,
856 1862 1046 1991 Di030enant3
1068 1880 1139 1948 An

216 1993 405 2090 tilianam,¹
414 1997 668 2079 Clitomachum
702 1996 927 2062 admirabatur
933 2004 1044 2065 eorum
1061 1997 1138 2065 doc-

218 2119 353 2199 uinam,
392 2117 555 2206 hausitque
577 2105 757 2206 plurimum
790 2140 828 2180 ex
858 2114 966 2183 eornm
994 2094 1141 2183 sontibus.

218 2233 366 2302 Attamen
401 2234 489 2320 longe
527 2237 562 2299 iis
603 2235 768 2326 praetulit,
823 2239 1009 2327 quicunque
1040 2216 1141 2302 reruni

216 2355 394 2441 gravitatem
432 2353 580 2440 elegantii
597 2391 600 2400 =
615 2370 788 2444 ornatuque
814 2342 959 2423 sermonis
985 2355 1140 2420 exhiiara-

191 2562 194 2571 Α
218 2488 343 2558 verant,
366 2491 458 2564 atque
479 2473 560 2539 illam
582 2491 686 2560 argute
699 2471 907 2539 concludendi
937 2449 1140 2539 consuetudi-

217 2616 311 2675 nom,
352 2616 432 2684 quae
458 2593 498 2656 in·
520 2593 695 2659 Stoicorum
725 2592 835 2656 familia
861 2592 924 2660 ieie
958 2588 1144 2658 hereditaria

216 2711 330 2792 fuerat,
358 2708 397 2774 ad
428 2726 552 2776 naturae
577 2710 783 2775 relaxaverant
800 2710 1038 2802 simplicitatem.
1095 2712 1143 2778 Ex

216 2828 265 2897 his
289 2820 390 2894 autern
421 2831 580 2921 principes
600 2855 635 2895 ac
654 2829 764 2896 herotis
790 2830 877 2912 illos,
909 2810 1095 2897 Panaetium
1113 2849 1143 2898 et

216 2946 433 3021 Posidonium,
458 2964 578 3014 secutus
601 2950 730 3015 maxime
751 2963 818 3029 est,
842 2970 978 3040 qnorum
990 2949 1145 3036 aiterum,

216 3069 274 3132 sihi
309 3069 349 3132 ab
389 3069 456 3154 ejus
482 3065 643 3157 discipulo
669 3065 934 3151 commendatum,
975 3048 1145 3191 ‘tanquam

215 3191 479 3257 ostentatam
505 3184 688 3269 celebrarit,
719 3187 848 3253 alterum
876 3189 984 3278 pari
975 3212 1012 3254 ae
1041 3194 1145 3297 prope

214 3294 336 3391 majora
353 3303 481 3371 honore
492 3320 692 3393 prosecutus,
715 3304 889 3371 studiorum
903 3323 1058 3374 rectorem
1078 3308 1141 3375 ha·

215 3424 333 3488 bucinat
388 3425 507 3488 Ηοιιιιιι
543 3441 644 3488 autem
682 3425 852 3490 auctoritati
890 3442 1046 3515 quantum
1079 3429 1147 3493 ιιι-Ι

213 3544 311 3609 huere
325 3542 452 3626 soleret,
464 3543 535 3607 libri
551 3545 591 3608 de
605 3542 726 3632 Officiis
746 3558 903 3609 testantur.
927 3528 1003 3632 Quo
1019 3542 1060 3610 de
1085 3572 1139 3612 ar-

214 3678 367 3748 gumento
380 3661 420 3726 ad
444 3664 587 3728 Marcum
611 3661 710 3726 filium
733 3663 982 3753 perscripturus,
1003 3665 1139 3732 utrius-

217 3805 278 3878 quc
300 3781 415 3868 scripta
441 3778 602 3864 adhibuit,
627 3783 743 3872 quibus
760 3781 802 3849 illi
831 3779 917 3848 hunc
941 3781 1046 3853 locum
1078 3806 1140 3851 cx·-
