2536 4724
511 401 574 474 1013

71 571 149 636 sarit
175 571 420 649 honestissimam
449 596 571 645 caruem
599 576 769 666 suscipere,
811 594 908 668 quana
939 577 1010 649 nor

75 706 190 758 eventu
213 707 267 757 aut
286 716 340 758 sua
361 690 506 775 fortuna,
534 690 588 759 sed
616 695 713 784 ipsius
737 697 874 762 bonitate
892 701 1009 769 metis.

75 811 179 877 betur.
223 813 373 878 Nectehat
397 828 553 904 praeterea
582 836 682 878 moras
708 813 897 906 alteramque
928 842 1004 883 cau,

71 955 159 1017 sem,
182 958 243 1026 pro
263 933 410 1001 Arretina
434 935 581 1014 muliere,
604 962 665 1030 qua
690 939 794 1029 potuit
814 939 932 1006 Sullam
952 941 1005 1007 oi-

68 1049 222 1136 sendere,
256 1051 332 1120 adiit
357 1055 396 1120 ¹).
442 1054 620 1141 Aegerrime
654 1055 780 1122 undem
812 1056 1005 1128 medicorum

68 1166 307 1264 amicorumque
334 1175 456 1240 monitu
487 1198 523 1241 eo
550 1174 610 1240 suit
637 1174 813 1257 adductus,
845 1194 881 1242 ut
903 1177 1004 1243 relin-

68 1311 183 1386 queret
219 1295 357 1377 Urbem,
380 1309 412 1359 et
440 1319 457 1359 a
484 1311 601 1385 sperata
629 1293 757 1364 dicendi
776 1294 869 1382 gloria
898 1294 1002 1362 disee-

67 1413 179 1489 deret,
203 1411 289 1504 quod
308 1436 380 1479 sane
397 1438 463 1480 non
482 1413 586 1501 fugam
601 1417 780 1501 cogitantis,
802 1432 856 1482 aut
873 1413 1001 1482 detrec-

67 1535 161 1600 tentis
181 1531 376 1626 periurium,
406 1531 461 1600 sed
482 1531 606 1600 laudem
629 1534 804 1625 famamque
831 1534 1002 1604 affectant&

67 1649 226 1718 indicium
246 1669 291 1718 est
311 1651 498 1742 putandum.
711 1743 714 1749 .
763 1724 766 1729 ,
987 1667 991 1673 ’

111 1772 184 1840 Fuit
202 1773 316 1840 iccirco
334 1796 400 1839 non
418 1789 517 1839 metus
528 1773 649 1859 Sullae,
669 1773 724 1842 sed
736 1772 918 1841 valetudinis
939 1799 1000 1841 cuv

64 1916 100 1960 ra
129 1916 217 1959 causa
248 1893 394 1959 Ciceroni
426 1891 648 1984 proficiscendi
680 1895 790 1960 Roma.
855 1894 1001 1959 Dicamus

65 2033 141 2078 vero
167 2011 290 2103 potius,
314 2013 556 2099 contigissem,
582 2029 617 2078 ut
638 2011 820 2080 valetudinis
846 2008 1000 2078 curandae

64 2132 163 2220 gratiai
182 2130 256 2198 illuc
274 2133 364 2199 citius
395 2131 668 2224 proficisceretur,
691 2157 756 2224 quo
777 2129 946 2222 aliquando
965 2146 1002 2197 ut

63 2252 264 2347 peneniret,
286 2251 321 2315 in
342 2253 419 2318 votis
441 2252 635 2345 consiliisque
664 2253 802 2322 haberet.
844 2253 926 2318 Nam
953 2247 1001 2316 vel

62 2369 212 2463 equidem
233 2373 365 2458 graviter
389 2370 496 2456 fallor,
529 2373 578 2441 vel
606 2372 727 2440 homini
745 2371 786 2438 ad
814 2368 1000 2449 discendum

62 2474 248 2558 incredibili
264 2489 367 2558 studio
390 2490 532 2576 ardenti,
562 2492 647 2560 culto
667 2510 698 2559 et
722 2490 846 2559 erudito
866 2517 884 2556 a
905 2506 998 2555 tene*

61 2611 105 2676 ris
132 2612 260 2679 Graecis
289 2614 408 2677 artibus
438 2629 469 2678 et
498 2611 667 2696 doctrinis,
701 2615 799 2702 iisque
820 2611 879 2676 hac
902 2625 1000 2675 aetate

63 2729 108 2797 sie
137 2731 308 2814 instructo,
340 2748 376 2796 ut
402 2755 510 2804 earum
530 2734 593 2799 vim
617 2749 649 2798 et
671 2735 844 2798 ubertatem
874 2729 998 2819 penitus

63 2867 170 2943 posset
200 2853 379 2942 percipere,
414 2868 571 2944 praeterea
601 2853 635 2917 in
666 2848 861 2918 addiscendis
889 2846 998 2913 iisdem

63 2972 183 3037 artibus
207 2997 280 3037 eum
305 2971 450 3064 palmaria
480 2974 672 3040 Graecorum
697 2972 811 3062 scripta
841 2969 996 3052 versanti,
1043 3042 1045 3046 7

64 3079 133 3158 tum
162 3090 280 3157 fruenti
314 3093 508 3184 optimorum
535 3092 727 3157 institutione
760 3090 994 3175 magistrorum,
1049 3170 1051 3176 Ι

65 3234 143 3302 qnos
170 3213 299 3279 Graecia
324 3211 457 3294 tulerat,
485 3210 582 3294 huic,
614 3211 766 3300 inquam,
788 3208 879 3295 longe
909 3207 994 3271 anti-

67 3332 250 3421 quissimum
277 3348 360 3412 erat,
384 3332 418 3395 in
440 3354 487 3396 eas
512 3351 674 3395 excurrere
697 3328 857 3414 regiones,
880 3347 897 3389 e
917 3324 994 3413 qui-

65 3449 121 3516 hm
138 3449 339 3516 hmnanieatis
358 3448 530 3541 principa,
550 3445 710 3513 doetrinae
732 3445 832 3511 fontes
853 3443 995 3532 viaeque
1046 3529 1048 3534 Ι

66 3567 145 3635 reiut
159 3554 307 3662 spiritum
321 3566 472 3633 hauserat.
494 3562 611 3654 Quid?
634 3559 741 3652 quod,
763 3583 872 3628 recens
887 3556 995 3637 audito

98 3832 124 3910 i)
138 3836 223 3897 'Orat-
252 3858 303 3914 pro
324 3824 440 3904 'Dorum
457 3857 481 3891 c.
501 3837 545 3890 3οι
562 3854 614 3906 pro
631 3838 744 3890 Caecina
754 3869 766 3915 7
783 3851 807 3886 e.
826 3833 868 3888 5³.
894 3829 992 3885 Midou

67 3924 75 3952 ,
103 3930 137 3952 ,,
178 3930 193 3951 ,.
