2536 4724
508 362 549 429 ΙΙ

63 559 242 628 monstrant
253 543 396 627 eandem.
416 576 465 625 -a
503 545 613 636 Quare
626 539 797 631 glandifera
816 536 992 649 illa-quer-

66 689 136 752 cus,
158 688 197 732 ex
218 690 281 755 qua
302 664 376 733 olim
396 663 524 747 evolavit

121 848 124 855 '
213 837 420 908 Nuntiafulvo
435 836 515 888 Jovn
532 833 657 886 miranda
668 833 737 904 *visa
745 830 862 902 figurd,

63 1014 155 1056 nunc
177 991 217 1055 sit
241 990 336 1057 baec:
372 982 426 1056 sed
448 1016 521 1060 oum
539 1015 606 1058 earn
629 1006 808 1082 tempestas,
830 1003 997 1058 vetustasve

63 1108 283 1201 consumserit,
306 1097 407 1174 tamen
428 1110 486 1175 erit
507 1107 586 1174 bis
577 1135 611 1175 m
633 1109 708 1177 locis
729 1131 879 1199 quercus,
902 1131 999 1199 quam

61 1228 238 1305 Marianam
260 1251 411 1318 quercum
433 1231 577 1297 vocent.''
841 1296 845 1300 ,

107 1347 158 1413 Ex
181 1345 349 1431 hocloco,
381 1363 417 1412 ut
441 1344 640 1412 celebrandae
666 1347 782 1438 patriae
803 1343 996 1438 opportuni-

63 1481 161 1532 tatem
180 1463 313 1531 oblatam
336 1466 479 1533 Ciceroni
507 1464 599 1532 fuisse
627 1464 848 1550 intelligimus,
875 1465 916 1529 ita
941 1486 998 1548 ea,

65 1607 147 1675 quae
174 1580 214 1650 de
241 1582 408 1672 glandifera
441 1608 561 1677 quercu
593 1584 742 1676 Arpinati
773 1580 997 1678 disputantur,

64 1704 282 1797 pertinent
247 1689 287 1769 ad
309 1687 504 1796 memorabile
527 1701 688 1794 quoddam
704 1706 885 1791 augurium,
909 1701 997 1797 quod

66 1823 171 1895 Man‘o
197 1821 383 1913 adolescenti
415 1822 534 1889 sactum
567 1821 707 1908 fingitur.
760 1824 864 1906 Nam,
899 1846 999 1910 quum

68 1957 242 2027 constaret,
264 1941 398 2009 Marium
420 1941 539 2027 augurii
560 1940 780 2030 peritissimum
800 1937 914 2023 fuisse,
938 1938 998 2005 Ci-

65 2085 142 2131 cero
162 2079 287 2146 autem,
311 2059 394 2128 banc
415 2062 443 2127 'ei
464 2056 808 2141 laudem‘tributurum
831 2056 872 2144 ad
893 2057 997 2150 Arpi·-

65 2183 188 2250 natium
209 2182 339 2248 maxime
359 2197 392 2246 et
411 2179 604 2249 voluntatem
622 2178 930 2270 etlsuperstitionem‘
941 2198 997 2247 ac-

67 2299 266 2388 commodare
296 2302 502 2368 narrationem
539 2322 625 2368 suam
656 2298 768 2383 vellet,
802 2297 927 2365 sortasse
959 2323 999 2366 ex

67 2421 167 2507 veteri
186 2417 321 2512 quadam
340 2418 520 2503 traditione,
541 2443 619 2510 quae
638 2419 848 2518 celebrabatur
867 2417 907 2484 de
923 2419 998 2487 Ma-

67 2539 146 2643 rio,
146 2518 315 2646 fabulandi
336 2539 394 2605 sibi
416 2538 535 2628 copiam
555 2537 638 2606 lecit.
659 2539 687 2606 1Ι
725 2540 779 2637 Eo
802 2553 885 2628 certe
902 2561 997 2632 specf

67 2672 158 2765 tant,
181 2640 262 2761 quae
280 2657 426 2761 leguntur
446 2660 493 2725 De
510 2659 603 2726 Divin
622 2658 643 2726 l.
655 2661 680 2743 Ι.
694 2684 721 2726 c.
735 2682 796 2744 47,
816 2658 872 2756 ubi
888 2657 998 2748 Quin-

71 2787 121 2846 tus
142 2776 199 2845 ad
204 2779 350 2848 Marcum
368 2777 514 2846 fratrem·
558 2804 581 2846 >>
598 2755 722 2871 Quid,
734 2778 859 2868 inquit,
882 2793 927 2845 est
947 2756 1019 2846 illo

105 3022 145 3108 ι)
154 3020 197 3070 De
214 2989 329 3087 auguriis
344 3017 432 3070 Mario
448 3020 526 3078 factis
540 2994 597 3074 aid.
610 3019 787 3087 Plutarchus,
811 3023 850 3075 V
838 3031 882 3074 rto
891 3025 998 3083 Morta

65 3112 93 3162 'e.
106 3125 149 3180 17
139 3086 202 3162 336.
226 3104 300 3161 ’.ΙῙιΙ
309 3108 384 3161 Man·
400 3108 419 3159 Ι.
432 3109 456 3161 Ι.
474 3127 497 3161 c
509 3108 546 3163 V
557 3109 582 3160 6.
625 3106 705 3181 Quod
717 3119 803 3164 autem
815 3111 913 3164 Cicero
924 3097 1000 3165 celo

10 3222 13 3227 ·
66 3199 270 3263 buetrenton,
291 3198 375 3265 ipsius
396 3199 519 3250 deberi
511 3202 636 3268 tagenio,
655 3201 718 3252 satis
733 3200 781 3250 illa
798 3197 911 3264 docent,
931 3200 998 3269 quae

71 3290 183 3353 Atticus
189 3289 282 3361 pergit
292 3303 437 3359 quaerere:
459 3291 588 3356 Hocjam
597 3308 651 3342 non
661 3310 694 3342 ex
704 3300 731 3342 te
741 3326 756 3354 ,,
770 3291 873 3360 Quinte
882 3326 890 3352 .
910 3309 1001 3361 quae·

71 3397 122 3441 ro,
138 3397 234 3450 perum
249 3398 282 3430 ex
299 3381 360 3448 ipso
371 3387 474 3447 poeta,
495 3380 572 3430 tuine
590 3397 685 3432 versus
697 3380 770 3432 bono
781 3399 1000 3450 quercumeeve·

71 3472 148 3531 riui,
166 3486 205 3519 an
216 3451 374 3539 infactum
384 3470 416 3520 de
427 3466 538 3531 Mario,
557 3477 590 3519 ut
598 3468 713 3532 scribis,
727 3472 875 3537 acceperis.
887 3495 924 3514 «-
940 3471 1001 3522 At.

73 3561 122 3628 qui
132 3557 223 3608 multa
235 3567 410 3627 quaeruntur
420 3559 449 3608 in
462 3558 575 3621 Maria,
587 3555 697 3621 fictane
714 3575 752 3608 an
768 3575 834 3608 vera
846 3559 922 3619 sinn
943 3571 971 3612 et
981 3580 999 3612 a

73 3646 235 3709 nonnullis,
262 3648 337 3716 quod
345 3655 373 3698 et
384 3648 417 3698 in·
424 3648 528 3698 recenti
538 3637 668 3696 memoria
677 3655 706 3696 et
720 3647 748 3696 in
760 3646 898 3716 Arpinati
906 3650 1000 3700 homi-

75 3752 124 3796 ne,
143 3737 250 3787 veritas
267 3754 284 3787 a
302 3746 330 3787 te
344 3735 519 3806 postulatur.
555 3732 602 3788 sic
621 3733 716 3803 Wytt.
732 3751 784 3802 pro
801 3735 873 3805 vulg.
893 3739 938 3790 vel
952 3759 999 3792 sa.
1085 3767 1086 3770 =

74 3826 189 3876 veritas.
