2536 4724
488 323 540 416 31

74 527 256 626 ,Duximus
283 528 485 622 probabiliter
511 529 594 599 hanc
611 531 796 604 Arateosum
821 531 992 598 carminum

60 648 233 716 versionem
254 663 301 715 'ex
331 648 438 721 innato
461 650 620 716 Ciceronis
647 649 726 718 vitae
754 650 888 717 rusticae
910 673 998 718 cou-¹
1108 719 1110 722 ,

60 767 321 859 templandaeque
344 784 471 834 naturae
494 766 606 834 studio.
650 765 747 857 Quod
769 792 832 835 non
854 769 918 834 sine
939 794 995 834 ra.

60 888 147 956 tione
165 890 208 955 ita
229 887 318 954 nobis
338 888 439 952 visum
459 910 544 967 3333,
567 886 770 953 confirmatur
793 887 996 954 03333331ἱοίΙ

58 1006 285 1099 Xenophontei
306 1004 448 1074 vertendi
465 1004 606 1089 consilio,
629 1002 717 1097 quod
743 1030 809 1072 non
833 1006 874 1071 ita
896 1004 995 1070 multo

57 1141 136 1217 post
154 1124 296 1217 suscepit.
360 1124 546 1214 Qua‘enim
575 1147 609 1190 13
638 1124 709 1209 3113,
742 1149 837 1214 quam
861 1122 994 1190 mirifica

58 1242 264 1330 agriculturae
289 1245 538 1335 rusticorumque
568 1267 698 1336 operum
730 1243 932 1310 oblectatione
964 1258 996 1309 et

61 1363 209 1430 suavitate
226 1360 357 1447 ductus,
380 1363 468 1430 hunc
479 1362 618 1430 libellum
628 1362 778 1428 illustrare
790 1362 888 1429 latinis
899 1360 994 1437 literis

60 1479 187 1577 maluit,
201 1505 297 1571 quum
308 1482 343 1547 in
354 1477 417 1547 31113
428 1481 582 1574 palmariis
593 1481 813 1574 Xenophontis
822 1475 994 1574 operibus,
1062 1507 1064 1511 ’

63 1598 199 1669 Α11311331
219 1618 272 1668 aut
289 1600 498 1695 Cynopaedia,
527 1600 671 1670 vertendi
697 1600 837 1669 studium
854 1602 992 1691 ponere?

107 1702 251 1789 Profecto
271 1723 368 1814 patris
390 1702 454 1805 3111,1
481 1723 546 1787 ruri
572 1720 702 1789 colendo
724 1743 851 1813 operam
873 1743 993 1787 113133-
1071 1709 1076 1720 ’

62 1837 121 1923 tis,
151 1841 296 1908 excitatus
318 1841 510 1908 sermonibus
534 1856 631 1931 atque
651 1836 937 1931 exemplofvoluit
960 1860 996 1903 ea

62 1980 264 2044 cognoscere,
286 1983 366 2050 quae
384 1975 499 2027 veteres
519 1960 631 2028 Graeci
651 1976 682 2024 et
699 1959 832 2025 Romani
849 1955 890 2023 de
910 1958 994 2042 agri-

62 2073 201 2145 culturae
221 2078 329 2145 studiis
350 2079 512 2145 memoriae
535 2075 737 2144 tradiderant.
801 2078 874 2143 Non
894 2075 996 2144 solum

59 2170 177 2269 icbitco
205 2197 360 2264 Catonem
392 2195 500 2263 dilexit
537 2195 707 2289 plurimum
740 2197 869 2284 ejusque
900 2194 995 2262 libros

60 2315 263 2390 tractavit-,de
283 2318 467 2400 uetustius,
488 2314 543 2383 sed
564 2315 784 2408 Xenophontis
806 2315 898 2380 etiam
923 2316 992 2380 Oe-

61 2437 258 2506 conomicum
281 2434 444 2523 diligenter
465 2434 611 2502 adhibuit
631 2450 663 2500 et
687 2431 904 2501 commendare
924 2435 992 2499 Ro-

60 2557 176 2641 manis,
188 2573 225 2623 ut
235 2543 312 2623 versi
324 2554 593 2644 commendatique
605 2555 640 2620 iis
651 2554 792 2640 Magonis
805 2542 846 2618 de
856 2549 993 2638 agricul-
1015 2576 1018 2581 ’
1056 2536 1058 2540 ἵ

62 2692 131 2744 tura
152 2675 227 2742 libri
238 2692 342 2761 erant,
362 2679 389 2743 ¹)
413 2699 600 2767 magnopere
611 2674 699 2739 hunc
710 2671 848 2739 libellum
863 2668 995 2744 studuit.

59 2796 149 2864 Facit
157 2819 230 2882 ergo
238 2769 389 2863 Catonem
397 2795 502 2887 ipsum
512 2793 669 2862 dicentem
681 2793 715 2858 in
727 2791 809 2858 libro
821 2791 861 2857 de
871 2789 992 2870 Senecf

65 2925 151 2983 tute.-
164 2940 187 2983 »
195 2915 310 2988 Multas
319 2914 358 2981 ad
370 2896 418 2981 res
429 2914 574 3007 perutiles
585 2912 807 3004 Xenophontis
817 2910 890 2976 libri
900 2901 1003 2975 sunte'

64 3057 143 3124 quos
163 3033 270 3121 legite,
293 3059 427 3125 quaeso,
442 3032 591 3117 studiose,
614 3049 651 3099 ut
673 3031 781 3099 facitis.
813 3031 920 3120 Quam
936 3052 993 3096 co-

61 3153 149 3245 piose
171 3156 210 3221 ab
240 3178 277 3222 eo
305 3154 489 3241 agricultura
516 3151 659 3220 laudatur
685 3153 720 3218 in
742 3175 779 3217 eo
804 3149 902 3234 libro,
937 3149 995 3238 qui

62 3287 109 3337 est
129 3269 306 3339 detuenda
324 3297 358 3339 13
380 3273 531 3353 familiari,
554 3273 610 3364 qui
628 3271 855 3339 Oeconomicus
877 3268 992 3335 inscri-
1019 3315 1020 3320 η

61 3390 148 3457 bitur
157 3392 198 3460 1”
223 3394 293 3484 Ipse
314 3410 416 3460 autem
437 3391 476 3459 ad
496 3393 597 3459 filium
616 3393 829 3485 perscribens:
848 3390 876 3457 ²)
900 3413 922 3454 >›
934 3389 1013 3455 Res·

63 3507 232 3597 familiaris,
266 3513 325 3597 ait',
357 3513 464 3604 quaeri
491 3510 585 3578 debet
612 3513 648 3578 iis
680 3513 796 3595 rebus,
830 3531 847 3575 3
877 3508 992 3600 quibus
1074 3524 1076 3531 '

46 3687 49 3691 l
98 3724 126 3794 ι)
146 3724 250 3777 Plinius
266 3727 345 3778 Hist.
366 3729 436 3782 Nat.
453 3726 473 3776 Ι.
494 3691 693 3778 11111335.
740 3723 783 3777 cf.
802 3723 939 3791 Crinitus,
957 3725 991 3777 de

69 3812 139 3868 Bon.
150 3815 233 3870 Diec.
247 3813 267 3867 1.
277 3813 329 3870 lV.
346 3834 404 3871 33.
454 3818 482 3887 a)
502 3819 546 3867 De
558 3816 612 3884 Off.
630 3814 670 3877 ll·
681 3815 723 3869 24.
