2536 4724
604 423 645 517 a

163 600 235 669 litus
255 597 358 671 adsuit
376 589 407 663 ci
427 592 541 679 Philo,
574 596 625 662 cui
647 614 720 662 cum
742 596 925 688 Epicureis,
944 615 984 694 yut
1004 614 1092 664 antea

164 729 245 790 cum'
263 701 391 803 Stoicis,
413 701 559 783 acerrima
582 738 689 808 pugna
708 729 785 780 erat.
825 712 922 804 Quod
941 715 1095 805 signifieat

165 839 233 931 ipse
249 830 303 908 iia
340 836 465 903 »Nam
491 832 591 902 Philo
611 850 737 918 noster,
769 834 891 925 inquit,
922 833 1003 901 ferre
1028 860 1095 902 non
1181 880 1184 885 -

164 953 312 1051 poterat,
356 953 514 1048 aspernari
551 952 718 1044 Epicureos
734 997 735 1003 κ
751 951 855 1019 molles
891 969 923 1017 et
955 951 1118 1021 delicatas

165 1061 370 1169 voluptates,
381 1073 503 1140 summi
518 1074 604 1138 enim
620 1072 767 1139 memorii
781 1074 1003 1164 pronuntiabat
1018 1073 1095 1165 plu-

165 1196 260 1263 rimas
291 1193 432 1287 Epicuri
453 1192 619 1258 sententias
652 1191 700 1258 his
724 1192 798 1285 ipsis
831 1194 952 1279 verbis,
981 1195 1096 1285 quibus

167 1330 258 1381 erant
277 1313 431 1404 scriptae,
477 1308 650 1378 Metrodori
676 1296 768 1397 vero,
814 1313 870 1402 qui
901 1329 947 1379 est
968 1314 1100 1405 Epicuri

167 1430 281 1520 collega
310 1430 493 1523 sapientiae,
525 1430 621 1496 multa
649 1428 879 1523 impudentiore
906 1434 1061 1501 recitabat.
1076 1436 1097 1467 ’'

168 1551 342 1642 Sicqoum
359 1549 557 1638 redargueret
567 1552 753 1643 Epicureos,
765 1550 799 1616 id
819 1569 954 1640 agentes,
979 1571 1015 1620 ut
1025 1555 1098 1648 pla-

170 1671 232 1740 cita
259 1671 392 1765 Epicuri
424 1671 623 1741 obscoeniora
644 1669 684 1736 do
713 1670 923 1763 voluptatibus
957 1674 1101 1742 fucarent

172 1787 404 1881 quodmodo
424 1815 461 1858 ac
482 1788 736 1858 commendarent
746 1841 755 1874 ,
767 1790 914 1858 credibile
930 1810 993 1882 est,
1006 1810 1100 1886 prae-

171 1911 304 2005 cipuum
332 1912 361 1978 ei
389 1910 499 1996 fuisso,
528 1909 621 1975 simul
652 1925 746 1998 atquo
778 1912 896 2002 accepit
919 1913 1103 1980 Ciceronem

171 2034 208 2100 in
234 2015 455 2126 disciplinam,
490 2054 597 2099 cavere
629 2054 670 2097 ne
701 2015 956 2098 inveterascerent
979 2033 1013 2098 in
1036 2035 1103 2121 ejus

170 2151 277 2219 animo
297 2151 487 2242 perniciosae
517 2149 584 2216 illae
613 2151 803 2234 sententiae,
839 2152 956 2240 quibus
986 2150 1103 2219 radices

169 2271 353 2359 agentibus,
375 2270 476 2337 omnis
498 2293 552 2335 sua
575 2292 667 2357 opera
690 2294 726 2336 ac
747 2266 904 2356 diligentia
924 2272 1010 2337 irrita
1028 2288 1105 2339 esset

171 2390 290 2459 futura.
333 2388 491 2458 Adhibuit
509 2387 569 2482 ipsi
590 2386 794 2477 medicinam,
815 2413 833 2455 e
852 2389 1009 2458 Socratico
1026 2390 1103 2457 fon-

172 2525 206 2578 te
225 2509 379 2602 petitam,
400 2508 626 2601 oppletumque
648 2507 727 2575 falsis
748 2483 949 2600 opinionibus
967 2513 1104 2581 animum

173 2652 309 2722 purgare
329 2654 365 2696 ac
386 2627 517 2696 liberare
534 2627 664 2695 studuit.
707 2630 782 2719 Quo
801 2628 901 2715 sacto,
923 2634 1104 2700 excitaban-

175 2765 230 2815 tur
249 2765 389 2843 sponte,
406 2772 486 2841 quae
507 2771 653 2842 oppressa
670 2746 792 2815 fuerant
802 2800 812 2834 ,
824 2774 977 2836 generosa
995 2751 1106 2822 studia,

175 2870 257 2938 Nam
279 2884 438 2962 praestans
471 2870 538 2956 ejus
561 2885 671 2934 natura
698 2869 754 2934 ubi
775 2869 814 2963 in
847 2868 1022 2938 libertatem
1042 2885 1108 2940 erat

176 2987 357 3073 vindicata,
378 2986 587 3056 admonitione
613 2982 735 3055 tantum
760 3013 838 3080 opus
861 3005 948 3075 erat,
971 3006 1028 3076 ut,
1049 2992 1105 3058 in-

179 3106 322 3177 credibili
339 3108 474 3176 veritatis
492 3131 594 3174 amore
611 3104 848 3192 incenderetur,
871 3110 988 3200 optima
1007 3133 1106 3198 quae-

180 3253 244 3322 que
270 3227 384 3314 vellet,
426 3254 463 3296 ac
498 3242 732 3321 praeceptorem
761 3251 826 3294 non
857 3228 976 3294 minore
1011 3251 1107 3318 quam

180 3348 341 3418 scientiam
370 3349 470 3442 ipsam
495 3345 598 3415 studio
626 3346 748 3415 coleret.

221 3470 306 3538 Huic
337 3470 433 3557 igitur
462 3468 546 3539 velut
576 3492 672 3535 novae
702 3467 781 3535 vitae
802 3468 920 3534 auctori
953 3483 1055 3536 toturn
1076 3493 1108 3536 se

181 3587 311 3657 tradidit
328 3590 455 3673 Cicero,
477 3584 652 3656 incredibili
670 3583 806 3676 quodam
821 3583 861 3651 ad
880 3586 1109 3680 philosophiam

180 3734 282 3779 amore
297 3710 492 3794 concitatus.
542 3704 677 3793 Platonis
696 3706 725 3773 ei
745 3699 862 3802 scripta
883 3706 1107 3792 innotuerunt,

220 3977 247 4049 r)
267 3973 393 4032 nerto.
417 3975 555 4039 Deorum,
573 3972 593 4028 l.
611 3972 635 4026 1.
652 3989 676 4024 c.
693 3970 738 4026 40.
786 3941 789 3944 Δ
