2536 4724
608 360 650 426 48

167 520 484 638 suspiciosum,
512 539 600 633 quod
627 539 712 634 apud
733 556 764 608 u
783 542 819 608 in
843 539 946 608 Maso
971 553 1043 624 es,
1063 553 1102 607 ut

164 679 235 732 utu*
257 679 288 730 te
306 664 502 756 potissimum
522 678 667 730 auctore:

232 839 289 890 Hie
304 839 384 889 Joois
400 836 519 888 altisoni
537 836 630 889 subito
645 837 768 906 pinnata
788 834 905 887 satelles

231 935 351 991 Arboris
365 956 380 987 e
397 945 495 988 trunco
510 937 647 1006 serpentis
660 935 761 987 saucia
780 953 890 998 morsu,

231 1038 304 1104 Ipsa
311 1036 389 1106 feris
407 1034 513 1104 subigit
529 1024 701 1104 transfigens
714 1033 854 1104 unguibus
869 1049 987 1102 anguem

236 1134 434 1185 Semianimum
453 1142 483 1185 et
499 1133 583 1185 ouria
597 1134 722 1203 graviter
738 1134 839 1185 cervice
850 1133 1014 1196 micarum,

236 1233 324 1301 Quem
339 1250 368 1283 se
384 1233 586 1302 intorquentem
601 1232 715 1284 lanians
730 1239 875 1302 rostroque
891 1238 1058 1296 cruentum,

191 1328 193 1333 ’
230 1331 296 1383 Jam
312 1332 422 1382 satiata
437 1332 562 1394 animos,
574 1331 635 1396 jam
649 1332 731 1383 duros
748 1330 812 1382 ulta
830 1329 956 1392 dolores,

166 1496 174 1513 .
234 1429 342 1496 Abjicit
358 1429 495 1497 efflantem
511 1439 542 1481 et
558 1428 714 1483 laceratum
734 1429 834 1498 affligit
852 1429 882 1481 iu
903 1427 999 1493 unda,

172 1552 176 1559 ·
235 1529 323 1599 Seque
338 1527 416 1579 obitu
436 1537 461 1578 a¹
476 1527 552 1580 Solis
572 1529 678 1580 nitidos
699 1528 836 1580 convertit
856 1527 895 1578 oti
908 1534 1000 1580 ortus·

168 1616 174 1627 ’
236 1628 320 1678 Hane
336 1625 385 1678 ubi
397 1625 576 1696 praepetibus
588 1627 689 1696 pennis
706 1625 840 1698 lapsuque
855 1625 996 1678 volantem

236 1727 388 1795 Conspexit
404 1726 534 1789 Marius,
553 1722 641 1776 divini
657 1726 782 1776 numinis
797 1742 908 1793 augur,

236 1825 400 1893 Faustaque
418 1823 503 1891 signa
521 1841 589 1875 suae
609 1822 703 1874 laudis
723 1823 885 1892 reditusque
901 1806 1028 1874 noteris}

233 1919 373 1972 Partibus
389 1921 517 1973 intonuit
534 1921 606 1972 coeli
619 1930 702 1989 pater
717 1922 774 1990 ipse
789 1922 923 1972 sinistris.

237 2020 285 2072 ste
299 2018 415 2091 aquilae
433 2019 539 2071 clarum
548 2018 683 2084 firmavit
697 2020 812 2087 Jupiter
827 2015 941 2071 omeu·”

210 2175 260 2240 Ex
280 2196 385 2240 reeens
405 2188 508 2239 autem
528 2170 694 2241 adventitio
714 2197 822 2256 versu,

238 2313 315 2364 Tunc
330 2330 360 2364 se
369 2312 521 2382 fluctigero
534 2312 560 2379 1)
579 2315 670 2365 tradit
686 2315 855 2384 mandatque
868 2313 996 2384 paroni,

169 2448 265 2528 quem
284 2433 372 2533 affert
392 2431 526 2502 Isidorus
553 2436 641 2522 Orig.
663 2435 752 2504 XIX.
779 2456 830 2521 1.,
861 2459 1020 2528 quemque
1039 2437 1098 2504 in·

168 2570 318 2651 terpretes
338 2555 439 2622 Mario
465 2553 645 2640 vindicant,
671 2555 820 2649 suspicari
846 2555 936 2642 lieet,
966 2558 1099 2626 Cicero-

169 2697 243 2739 nem
270 2688 405 2739 extrema
429 2698 556 2766 quoque
579 2691 717 2768 tempora
738 2675 839 2743 herois
861 2677 908 2743 sui
928 2675 1102 2771 fiigemqne

169 2793 422 2862 Minturnensem
444 2793 594 2860 cecinisse.
612 2794 640 2862 ²)

213 2912 252 2976 In
281 2913 388 2977 ceteris
417 2927 519 2978 autem
545 2913 662 2980 Latinis
683 2914 799 3006 poetis,
821 2937 900 3006 quos
920 2914 1027 3001 magni
1045 2914 1101 2982 fe-

172 3030 451 3125 citqpraecipuum
468 3029 625 3120 quendam
642 3031 745 3099 locum
765 3033 914 3100 Terentio
931 3034 1104 3105 tribuebat,

170 3150 238 3216 Nec
258 3171 330 3214 sane
351 3151 475 3215 mirum.
519 3150 558 3216 In
578 3149 640 3217 hoe
660 3151 744 3218 enim
763 3136 876 3244 poete,
898 3176 956 3243 per
977 3176 1103 3244 quem,

169 3268 214 3333 sit
235 3265 434 3349 Paterculus,
455 3284 491 3333 ut
503 3291 561 3358 per
572 3268 739 3336 Caecilium
748 3285 780 3335 et
791 3268 977 3357 Afranium,
990 3268 1103 3341 dulos

173 3386 279 3453 Latini
298 3385 411 3478 leporis
433 3384 556 3454 facetiae
577 3388 636 3453 sub
658 3389 728 3480 pari
753 3404 849 3457 aetate
866 3389 1052 3483 nituerunt,
1069 3391 1100 3463 3)

168 3531 453 3551 μην-υ*-

210 3600 237 3665 ι)
257 3597 425 3660 Hermonuus
441 3596 673 3667 conj0fluctiseoo‘·
739 3603 766 3665 α)
788 3601 931 3655 Turnebus
950 3607 1054 3658 Oomm.
1066 3611 1108 3663 ad

176 3685 197 3738 l.
211 3688 237 3735 Ι.
248 3687 280 3736 de
288 3689 372 3756 Legg.
386 3695 443 3740 cd.
490 3693 523 3738 A.
536 3687 669 3740 Patricius
687 3688 718 3739 ul
736 3694 849 3760 Frogm.
863 3696 918 3744 Oio-
937 3712 963 3758 p·
973 3711 1023 3766 177
1036 3714 1104 3768 sqq.

176 3775 303 3826 Nobbius
317 3780 344 3826 in
364 3776 415 3828 Ed.
428 3775 517 3828 Orell.
535 3784 553 3828 t.
564 3777 615 3831 lv,
628 3778 657 3830 P.
668 3780 705 3831 ΙΙ.
722 3798 749 3847 p.
760 3781 819 3852 567.
829 3783 889 3852 572.
922 3782 1104 3856 Middleton,

71 3872 74 3876 '
177 3865 200 3914 1.
217 3866 312 3949 puis-V
334 3865 362 3934 5)
381 3865 416 3919 L.
431 3867 454 3918 Ι.
472 3883 546 3934 ο.ι7.
