2536 4724
606 396 648 460 56

165 592 288 647 currum
317 570 421 663 ipsum
445 566 572 636 laudum
600 586 786 656 praeconem
813 557 944 644 csse,1)
968 557 1099 628 sortasse

167 712 223 783 spe
250 687 431 774 destitutus,
469 704 505 754 ut
530 688 569 754 sb
603 708 641 752 eo
665 679 833 775 aliquando
866 679 1100 763 celebraretur,

168 809 235 901 ipse
258 832 345 894 eom,
368 832 463 901 quam
485 807 636 890 vocabat,
652 803 813 890 fabulam
831 822 943 866 rerum
966 808 1099 865 evento-

167 951 303 1018 rumque
322 950 471 1011 suorum,
494 949 579 1014 quac
598 928 708 990 varios
723 932 817 988 actos
835 922 989 998 haberet,
1008 921 1099 984 oncl-

167 1057 283 1136 tasque
309 1051 453 1112 actiones
481 1055 515 1110 et
537 1045 745 1109 consiliorum
768 1049 801 1105 et
825 1049 1002 1128 temporum
1015 1074 1037 1128 ,·
1069 1038 1097 1104 ²)

168 1163 405 1233 describendam
424 1163 568 1256 suscepit.
613 1162 682 1228 Hoc
706 1160 801 1246 igitur
819 1180 912 1254 opere
934 1155 977 1223 de
996 1155 1102 1224 exsilio

168 1306 224 1352 suo
245 1300 278 1350 et
299 1282 428 1370 glorioso
448 1281 552 1348 reditu
571 1280 721 1374 exposuit.
767 1279 848 1346 Nam
870 1277 913 1343 sic
931 1276 1041 1343 scribit
1061 1272 1101 1340 ael

170 1402 362 1472 Lentulumr
383 1401 412 1470 ³)
454 1398 596 1491 »Quod
620 1422 728 1486 rogas,
759 1414 796 1462 ut
820 1419 886 1464 mea
908 1396 967 1462 tibi
989 1396 1105 1487 scripte

169 1522 312 1603 mittam,
332 1543 412 1612 quae
429 1537 501 1613 post
521 1518 688 1587 discessum
709 1536 801 1585 tuum
815 1516 1008 1610 scripserime
1028 1525 1104 1581 sunt

168 1632 322 1709 orationes
345 1639 516 1733 quaedam:
543 1639 721 1734 -scripsi
753 1638 846 1702 etiem
876 1635 1015 1703 versibus
1042 1639 1106 1701 tros

171 1758 267 1827 libros
285 1757 326 1826 de
345 1761 538 1851 temporibus
561 1759 658 1843 meis,
681 1781 759 1848 qnos
776 1758 843 1844 jam
865 1752 992 1847 pridem
1012 1751 1054 1820 ad
1077 1770 1108 1821 te

170 1879 338 1963 misissem,
362 1879 387 1944 si
411 1903 473 1945 esse
496 1876 634 1944 edendos
657 1892 834 1969 putassem:
858 1911 904 1928 -
921 1889 998 1940 sunt
1021 1874 1109 1941 enim

166 2014 262 2065 testes
281 2015 313 2065 et
328 2015 421 2064 erunt
436 1999 616 2091 sempiterni
629 1998 812 2062 meritorum
827 2018 895 2080 erga
910 2016 960 2060 me
976 2008 1107 2062 morum

171 2125 319 2209 meaeque
343 2119 484 2209 pietatisz
508 2153 554 2168 —-
573 2114 627 2181 sed
658 2117 731 2206 quia
759 2115 909 2198 verebar,
939 2136 1005 2179 non
1030 2136 1106 2198 eos,

173 2237 282 2328 quise
305 2234 397 2301 laesos
419 2237 667 2318 arbitrarentur,
697 2230 827 2320 (etenim
856 2230 891 2298 id
922 2231 983 2300 ieci
1014 2255 1110 2325 parce

172 2369 204 2419 et
234 2351 380 2443 molliter)
410 2350 464 2418 sed
492 2377 559 2438 eos,
589 2377 666 2446 quos
688 2369 752 2418 erat
774 2352 939 2418 infinitum
962 2353 1046 2418 bene
1067 2350 1111 2419 de

171 2495 223 2542 me
252 2474 376 2540 meritos
414 2496 519 2540 omnes
550 2474 743 2540 nominare.''
797 2469 911 2538 lisdem
939 2469 979 2536 de
1009 2474 1110 2539 rebus

173 2594 347 2685 composuit
366 2594 458 2659 etiam
480 2591 634 2684 quaedem
657 2592 782 2662 Graecis
804 2592 965 2664 versibus,
986 2605 1025 2656 ut
1046 2616 1133 2682 pu·-

89 2742 93 2753 ·
173 2733 220 2783 tet
243 2740 282 2783 ex
305 2717 440 2808 Epistola
462 2714 501 2782 ad
523 2718 703 2807 Quintum:
731 2717 761 2782 4)
807 2711 1112 2805 »Qu0motlonam,

174 2837 219 2902 mi
236 2835 347 2923 frater,
364 2835 403 2902 de
419 2838 530 2904 nostris
548 2838 686 2931 versibus
703 2838 839 2904 Caesus?
870 2836 951 2902 Nam
966 2834 1115 2926 primum

172 2953 291 3021 librum
312 2979 344 3022 se
365 2954 469 3043 legisse
487 2957 610 3049 scripsit
628 2954 669 3022 ed
690 2971 846 3023 meante:
870 2971 902 3020 et
921 2957 1026 3045 prima
1047 2956 1113 3042 sic,

172 3091 210 3142 ut
229 3091 322 3162 neget
338 3099 370 3141 se
393 3099 434 3142 ne
459 3078 575 3144 Graece
598 3074 727 3168 quidem
747 3075 871 3143 meliora
888 3075 1002 3163 legisse.
1040 3077 1113 3144 Re-

170 3221 461 3237 m

212 3288 245 3357 r)
267 3286 311 3339 Ad
329 3290 409 3341 Fam.
430 3285 468 3341 V·
486 3306 529 3343 ιη.
579 3291 608 3360 2)
627 3291 699 3340 Eod·
717 3289 738 3340 1.
771 3289 799 3355 5)
819 3287 872 3354 Ep.
894 3286 928 3338 at
945 3290 1025 3340 Fam.
1047 3289 1114 3361 Lo.

175 3375 264 3428 Acute
280 3377 436 3431 observavit
457 3377 606 3450 Patricius,
636 3376 795 3431 Ciceronem
815 3375 865 3428 hcc
889 3377 1004 3443 epistole
1019 3377 1113 3446 signi.

173 3463 274 3528 ficare,
300 3476 368 3536 post
390 3469 539 3519 discessum
564 3468 680 3519 Lentuli
705 3485 733 3518 se
756 3466 842 3518 libros
866 3466 929 3518 illos
950 3469 1111 3534 scripsisse,

171 3551 291 3621 indeque
311 3555 397 3618 effici,
422 3573 483 3608 cum
504 3555 638 3608 Lentulus
653 3563 715 3622 post
737 3556 842 3608 Afranii
864 3563 890 3605 et
912 3554 1021 3607 Metelli
1037 3575 1113 3611 con·

172 3641 288 3694 sulatum
308 3659 377 3695 anno
393 3644 500 3699 demum
518 3653 615 3712 quorto
630 3645 662 3696 iu
681 3645 804 3698 Cilicium
826 3645 967 3711 profectus
986 3647 1040 3711 cit,
1069 3648 1112 3700 li.

172 3731 237 3783 bros
260 3730 294 3782 do
316 3735 462 3807 consulatu
475 3735 563 3787 multo
584 3743 645 3786 ante
666 3736 749 3788 fuisse
765 3735 917 3802 perfectos,
939 3753 1022 3805 quem
1036 3737 1111 3792 libri

173 3818 207 3873 dc
220 3823 386 3888 temporibus
401 3823 521 3877 inchoati
539 3824 650 3878 suerint.
667 3823 704 3880 V.
716 3823 816 3877 Putate.
833 3841 862 3891 p.
874 3823 933 3877 134.
968 3824 1000 3896 t)
1017 3824 1054 3880 L·
1066 3825 1112 3882 11.

173 3907 225 3976 Ep.
244 3910 288 3963 16.
332 3969 335 3974 ¹
