2536 4724
600 403 662 470 220

168 585 266 671 Cujus
298 579 384 646 enim
411 576 566 643 voluntate
590 577 755 658 excitatus,
789 572 829 639 de
854 573 1033 666 eloquentis
1052 579 1087 644 in

164 702 345 793 scripserat,
363 712 399 761 ut
429 695 528 761 omnis
551 690 709 761 doctrinae
727 693 810 760 orbis
842 709 994 792 tanquam
1012 693 1084 761 fun·

167 814 397 884 dementum'
371 839 399 879 er
419 814 540 878 subesse
568 809 783 898 judicaretur,
828 811 975 899 ejusdem
1003 838 1083 880 nunc

168 937 293 1004 hortatu
327 934 528 1021 eloquentiae
554 953 681 1020 genus,
715 931 804 1018 quod
835 933 900 997 sabi
931 933 1083 999 ruderum

168 1077 323 1122 summum
354 1076 393 1117 ae
415 1031 691 1140 perfectbsimum
714 1051 741 1129 ¹)
754 1097 764 1132 ,
779 1049 992 1139 perfectique
1013 1073 1080 1116 crc-

168 1177 249 1240 torr‘s
279 1175 412 1262 speciem
441 1169 467 1233 2)
501 1168 673 1260 exprimere
709 1165 837 1233 studuit.
896 1171 965 1237 Hac
993 1185 1082 1235 auten

166 1294 257 1357 inre
284 1284 475 1381 perficienda
509 1284 574 1350 dux
598 1287 625 1350 ei
650 1285 735 1352 Plato
765 1287 833 1352 suit.
894 1289 1082 1380 Expresserat

166 1426 274 1490 antea,
305 1423 341 1471 ut
363 1404 494 1493 vidimus
524 1404 550 1469 5)
582 1430 681 1494 qutun
706 1403 745 1470 ad
769 1390 926 1498 populum
950 1406 1079 1501 diceret,

166 1526 338 1627 perfectum
369 1523 563 1616 Imperatoris
591 1522 765 1616 exemplar,
802 1522 889 1614 qrrod
914 1525 1082 1607 intuebatur

168 1646 202 1710 in
230 1645 290 1709 Cn.
321 1644 482 1731 Pompeji,
527 1666 621 1731 quem
653 1640 908 1726 commendabat,
955 1667 1082 1737 persona.

168 1761 218 1831 Ac
242 1778 309 1827 tum
330 1759 458 1851 quidem
478 1758 638 1826 videbatur
659 1762 747 1826 nobis
768 1759 801 1827 id
824 1787 935 1848 agens,
972 1764 1082 1831 sublimi

167 1883 305 1948 imbutus
336 1880 465 1946 Platonis
496 1877 536 1944 de
567 1877 641 1944 ideis
676 1877 840 1964 doctriml3
887 1879 944 1946 sed
975 1896 1083 1975 poterat

167 2001 258 2084 fieri,
279 2017 314 2066 ut
334 1999 456 2065 inducti
479 2000 580 2090 specie
604 2022 781 2065 erraremus.
825 2000 946 2066 Verum
969 2023 1081 2067 omnen

77 2152 81 2159 ·
167 2121 277 2186 erroris
304 2119 530 2209 suspicionem,
563 2119 651 2204 cujus
682 2133 749 2182 tum
778 2117 901 2184 sortasse
925 2121 1081 2187 accusaba-

168 2263 257 2320 mur,
280 2239 343 2327 ipsa
369 2262 425 2303 vox
447 2238 604 2302 Ciceronis
626 2235 783 2301 refutabit
826 2238 883 2302 Est
908 2239 993 2304 enim
1015 2237 1082 2303 haec

167 2355 202 2419 in
226 2360 356 2422 Oratore
380 2355 518 2419 maxime
550 2370 720 2420 memoratu
749 2352 840 2441 digna
872 2357 1023 2422 sententia
1037 2354 1080 2422 l*la

168 2500 190 2539 >s
211 2451 318 2565 Atque
339 2475 374 2539 in
396 2497 517 2538 summo
540 2489 658 2562 oratore
689 2472 837 2560 fingendo
867 2474 960 2542 talem
990 2474 1082 2541 infor-

167 2596 275 2677 mabo,
299 2593 396 2684 qualis
414 2591 537 2659 sortasse
566 2616 657 2657 nemo
680 2591 749 2656 suit.
793 2594 864 2658 Nou
886 2595 972 2659 enim
993 2617 1083 2687 quae·

168 2738 224 2797 ro,
246 2715 315 2803 quis
333 2713 451 2796 luerit,
473 2710 526 2807 sed
550 2710 627 2802 quid
649 2713 687 2776 sit
708 2709 805 2794 illud,
829 2738 893 2801 quo
916 2692 996 2780 nihil
1015 2736 1083 2806 pos·

167 2835 206 2898 sit
233 2857 296 2898 csse
325 2834 535 2926 praestantius.
600 2829 664 2897 Sed
694 2855 749 2917 ego
777 2833 820 2897 sic
851 2848 971 2918 statuo,
1014 2829 1085 2898 nibil

169 2976 230 3017 esse
250 2953 284 3016 in
303 2950 365 3016 ullo
382 2974 492 3036 genere
515 2967 578 3014 tam
598 2949 761 3040 pulei-,um
786 2975 849 3041 quo
868 2976 935 3018 non
954 2952 1086 3045 pulcrius

170 3051 203 3135 id
233 3071 291 3152 sit,
323 3067 407 3134 unde
427 3067 524 3152 illud,
556 3086 592 3133 ut
615 3095 652 3135 ex
675 3094 727 3136 ore
750 3070 872 3161 aliquo,
906 3074 994 3162 quasi
1012 3073 1086 3137 ima·

169 3215 230 3289 go,
252 3178 460 3282 exprimatur,
497 3178 582 3277 quod
614 3213 716 3279 neque
742 3189 852 3274 oculis,
883 3215 989 3283 neque
1009 3192 1087 3257 auri·

170 3308 248 3392 bus,
282 3330 385 3397 neque
409 3298 472 3372 ullo
491 3330 583 3372 seusu
611 3308 732 3398 percipi
755 3324 877 3399 potest:
913 3312 1089 3398 chntione

169 3420 301 3491 tantum
315 3442 346 3490 et
365 3441 469 3490 mente
487 3416 729 3517 complectimur.
779 3428 888 3518 Itaque
909 3445 941 3495 et
965 3427 1090 3496 Phidiae

169 3545 357 3628 simulacris,
404 3547 517 3636 quibus
543 3544 621 3610 nihil
650 3546 683 3610 in
712 3545 764 3612 illo
788 3570 899 3632 genere
923 3548 1089 3642 perfectius

169 3661 329 3744 videmus,
352 3680 381 3729 et
411 3663 458 3729 bis
482 3664 630 3756 picturis,
654 3689 728 3754 quas
755 3667 932 3750 nominavi,
964 3670 1091 3756 cogitare

175 3816 212 3844 ⁰¹!
283 3836 285 3840 .

204 3917 230 3982 ι)
251 3913 328 3966 Orat.
347 3931 369 3966 c.
389 3922 414 3966 t.
450 3916 477 3985 a)
498 3917 529 3968 C.
549 3924 605 3986 ις(
625 3916 653 3985 5)
674 3915 760 3983 Supra
778 3912 944 3983 p.173.aqq.
981 3915 1012 3987 4)
1032 3919 1096 3972 Ca.
