2536 4724
601 382 661 471 1⁵8
771 464 775 469 ,

167 563 406 664 tiispraestarc,
438 555 527 650 quod
558 555 647 648 loqui
677 571 815 650 possunt.
856 555 969 647 Quare
999 570 1093 648 prse-

166 680 285 751 clarum
302 679 381 748 mihi
397 675 693 770 qasiddamvidetur
711 674 895 767 adeptusis,
916 676 1094 767 quiquam

166 799 306 871 somnes
319 799 430 869 scus
451 812 627 891 praesunt,
649 819 683 869 a
702 797 737 865 in
761 819 796 864 re
822 776 1003 865 uniusne
1020 797 1092 890 spu

165 919 334 991 antecellat.
378 918 447 985 Hoc
463 921 495 986 si
506 917 604 1004 forte
626 938 692 981 non
710 925 839 982 notura
855 916 972 1001 enoda,
993 939 1091 1006 nequo

165 1043 398 1108 exercitatione
413 1036 601 1126 cotyict‘tatr,
611 1058 721 1101 vetum
740 1040 837 1118 ctiam
853 1036 995 1124 crificia
1011 1058 1089 1126 qoo-

166 1159 243 1226 dum
270 1167 503 1246 comparatur,
535 1178 601 1222 non
621 1153 756 1227 ahenum
785 1169 832 1221 est
857 1151 987 1239 videte,
1016 1151 1093 1246 qatitl

119 1308 122 1314 ·
166 1275 274 1345 dicent
307 1276 348 1358 ii,
383 1275 440 1364 qui
470 1256 622 1362 quaedam
653 1275 719 1360 ejus
746 1273 793 1338 rei
818 1289 987 1366 praecepta
1019 1272 1090 1341 reli·

167 1397 319 1490 ‹1oeaest
341 1395 422 1476 hoc,
444 1395 594 1483 inquam,
616 1408 828 1484 postremum,
844 1389 1091 1482 iuquotriailla

166 1519 281 1601 φύσις,
301 1517 443 1596 μελέτη,
464 1517 557 1596 τέχνη
579 1508 619 1576 ed
637 1510 847 1600 eloquentiam
865 1513 1091 1602 requimtw,

167 1629 357 1703 Phaedrum
384 1630 486 1696 nohis-
507 1653 613 1696 rursus
635 1629 786 1696 referunt.

170 1751 323 1841 :Neque
346 1772 420 1817 vero
439 1749 474 1814 in
496 1748 653 1841 praeclaro
672 1749 1090 1843 tantumoperisproocmic,

170 1867 225 1937 uad
245 1865 366 1963 inipso
385 1871 477 1937 etiam
498 1893 593 1960 opere
614 1864 941 1956 sententiaeexstaut,
965 1872 1002 1938 in
1020 1872 1090 1963 qui-

170 1989 231 2057 hus
272 1987 485 2082 philosophiae
515 1987 687 2056 Platonicae
725 1986 865 2055 studium
898 1991 1093 2082 conspicitur.

170 2102 218 2176 Ut
236 2120 340 2173 autem
353 2123 454 2174 cetera
471 2108 590 2175 minora
613 2108 789 2192 mittamus,
810 2106 1040 2179 attendendum
1054 2125 1096 2178 est

171 2228 340 2319 praecipue
372 2225 446 2292 libri
482 2226 616 2295 secundi·
634 2227 676 2294 de
704 2227 850 2296 Zeuxidis
880 2223 1008 2298 Heleni
1033 2230 1094 2297 ini*

172 2346 272 2429 tinam,
296 2342 384 2436 qnod
405 2369 470 2412 non
499 2370 710 2439 apponemus,
734 2350 882 2438 quoniam
901 2365 934 2416 et
960 2349 1095 2438 longius

175 2463 281 2531 culum
301 2480 368 2549 est,
390 2481 422 2530 et
449 2465 491 2530 ob
519 2490 663 2553 maguam
688 2469 754 2555 ejus
774 2471 996 2561 praestantiam
1016 2469 1099 2540 facile

174 2585 326 2655 unicuivis
363 2601 485 2652 notum.
552 2585 616 2654 Sed
655 2612 719 2679 quo
745 2606 791 2655 est
821 2588 1026 2678 celebratius,
1066 2614 1100 2661 eo

177 2728 305 2796 quoque
328 2707 471 2771 attentius
499 2704 760 2775 considerandum
781 2725 836 2777 cst.
879 2710 992 2779 Cicero
1019 2713 1102 2782 enim

177 2826 386 2916 expositurus,
408 2823 568 2916 quomodo
583 2826 621 2892 sit
638 2827 673 2891 in
691 2827 849 2895 tractanda
869 2825 1025 2900 rhetorica
1040 2848 1102 2900 arte

176 2959 329 3027 versatus,
360 2967 427 3010 nou
453 2943 607 3012 rhetorico
630 2944 768 3035 quodam
788 2948 927 3035 ingressu
957 2948 1103 3043 disputa·-

179 3064 269 3132 tio'nis
297 3064 415 3149 utitur,
446 3061 500 3129 sed
524 3081 634 3131 *mente
655 3067 792 3159 concipit
824 3066 1000 3138 istiusmodi
1022 3072 1102 3143 imc-

178 3187 303 3273 ginem,
325 3208 405 3274 quae
425 3185 550 3251 nonnisi
573 3209 590 3251 a
617 3185 796 3277 philosophi
812 3188 936 3275 ingenio
962 3193 1106 3287 concipi,

179 3330 238 3372 nec
259 3305 317 3370 nisi
338 3327 354 3368 c
376 3302 533 3371 Platonica
551 3295 746 3398 philosophia
767 3304 845 3373 duci
862 3309 976 3400 potuit.
1020 3314 1106 3380 Tra-

178 3425 310 3493 latitium
341 3424 432 3518 plane
456 3426 613 3511 negotium
633 3442 701 3510 est,
723 3424 809 3517 quod
834 3425 973 3496 indicare
990 3428 1107 3498 studet.

180 3547 283 3634 Hujus
306 3546 391 3610 enim
410 3543 568 3611 condendi
595 3546 695 3636 operis
718 3546 827 3628 causis,
850 3544 928 3613 dicit
947 3571 980 3613 se
1001 3573 1109 3617 omnes

181 3690 282 3730 unum
307 3666 342 3729 in
372 3662 475 3729 locum
495 3665 624 3749 coegisse
651 3665 831 3756 scriptores,
856 3665 943 3758 quod
974 3671 1111 3762 quisque

126 3866 128 3871 ,
183 3782 424 3853 commodissime
454 3785 632 3876 praecipere
661 3782 836 3869 videretur,
864 3788 1054 3879 excerpsisse
1080 3805 1113 3856 et

182 3928 221 3971 ex
246 3905 333 3974 variis
357 3905 486 3992 ingeniis
516 3903 652 3973 libavissc
681 3903 928 3974 excellentissima
956 3932 1113 4005 quaeque
