2536 4724
503 358 550 470 ee

63 568 307 645 videtur‘suam
341 571 433 641 nobis
463 573 546 653 viam
576 572 794 663 rationemque
821 573 996 643 ub‘soeulou

42 696 183 785 ‘ponere
212 691 342 761 voluisse
364 690 404 760 ¹).
459 715 481 758 »
511 691 550 757 ln
581 689 768 781 quotidianis
796 695 899 776 enim,
932 695 996 776 aiu,

64 811 376 879 commentationibus
392 807 541 900 equidem
560 809 638 877 mibi
658 808 904 882 adolescentulus*
915 835 995 901 pro-

50 941 179 1024 ponere
209 930 343 999 solebam
373 929 455 995 illam
490 929 739 996 exercitationem
765 930 914 1013 maxime,
956 946 995 998 ut
1038 1003 1041 1007 .

55 1066 113 1117 sut
141 1051 278 1118 versibus
298 1049 464 1141 propositis
484 1073 582 1140 quam
605 1049 737 1114 maxime
759 1048 921 1134 gravibus,
944 1063 997 1113 aure

55 1170 196 1237 oratione
222 1168 327 1260 aliqua
356 1167 435 1234 lecta
458 1165 498 1232 ad
520 1190 593 1239 enm
611 1166 730 1249 finem,
754 1190 851 1257 quem
871 1190 993 1234 memo-

59 1286 108 1356 rii
136 1310 258 1379 possem
282 1283 569 1378 comprehendere,
591 1311 658 1360 eam
675 1310 743 1354 rem
762 1287 879 1377 ip'sam,
901 1309 997 1377 quam

58 1405 219 1495 legissem,
250 1407 351 1474 verbis
369 1405 433 1471 aliis
454 1430 551 1496 quiam
578 1407 708 1472 maxime
733 1415 855 1498 possem
886 1404 995 1486 lectis,

59 1525 310 1619 pmnunciarem.
355 1522 420 1593 Sed
444 1541 515 1616 post
538 1522 762 1608 animadverti,
785 1523 846 1592 hoc
870 1546 933 1588 esse
960 1524 996 1588 in

59 1641 124 1712 boc
143 1634 232 1729 iiiii,
264 1641 351 1735 quod
369 1667 408 1710 ea
436 1644 550 1727 verba,
585 1667 664 1734 quae
690 1644 821 1714 maxime
842 1644 995 1732 cujusque

60 1763 111 1829 rei
127 1762 272 1856 propria,
296 1785 438 1854 qrmeque
467 1778 569 1828 essent
601 1763 792 1833 ornatissima
814 1777 909 1850 atque
930 1785 994 1852 cp·

60 1882 157 1968 tima,
179 1898 370 1975 ¹occupasset
390 1897 443 1947 aut
464 1882 604 1965 Ennius,
626 1881 652 1945 si
673 1876 712 1944 ad
733 1881 800 1966 ejus
822 1902 925 1944 versus
945 1903 996 1944 me

57 2023 259 2087 exercerem,
281 2017 335 2066 aut
357 1998 540 2084 Gracchus,
574 2000 600 2064 si
627 2001 695 2086 ejus
721 1999 890 2065 orationem
919 1988 998 2082 mibi

58 2119 142 2189 sorte
173 2121 420 2212 proposuissem:
452 2120 513 2203 ita,
548 2120 575 2184 si
601 2116 712 2185 iisdem
743 2118 844 2184 verbis
872 2132 996 2197 uterer,

59 2237 144 2307 nibil
171 2237 335 2331 prodesse3
368 2239 395 2304 si
417 2237 500 2321 aliis,
533 2238 626 2313 etiam
649 2238 773 2319 obesse,
808 2259 908 2325 quum
931 2235 995 2300 mi-

60 2379 124 2425 nus
150 2354 271 2424 idoneis
291 2357 340 2424 uti
361 2378 601 2424 consuescerem.
632 2356 739 2422 Postea
760 2352 838 2419 mihi
860 2352 996 2446 placuit,

56 2499 165 2566 eoque
191 2499 261 2542 sum
285 2499 357 2541 usus
379 2473 573 2559 adolescens,
605 2489 642 2539 ut
670 2497 863 2544 summorum
892 2489 996 2544 onata-

58 2618 138 2663 rum
169 2595 301 2666 Graecas
332 2595 482 2662 orationes
517 2592 721 2686 explicarem:
756 2592 871 2682 quibus
892 2590 998 2676 lectis,

61 2710 130 2782 boc
150 2714 352 2803 assequebar,
375 2729 412 2779 ut
433 2737 536 2805 quum
563 2737 617 2797 ea,
640 2736 721 2802 quae
745 2712 877 2798 legerem
895 2713 997 2779 Grae-

63 2854 124 2914 ce,
162 2832 278 2900 Latine
307 2829 489 2916 redderem,
533 2855 598 2900 non
619 2831 718 2908 solum
746 2833 870 2924 optimis
897 2833 998 2898 verbis

61 2964 172 3021 uteret·
205 2966 238 3020 et
272 2965 375 3017 tamen
406 2952 545 3036 usitatis,
588 2949 642 3018 sed
670 2953 761 3029 etiam
791 2952 1000 3043 exprimerem

29 3130 33 3135 .
63 3067 222 3165 medam
249 3071 344 3138 uerba
360 3067 533 3154 imitando,
556 3094 634 3162 quae
655 3095 733 3139 nova
751 3073 862 3153 nostris
881 3087 999 3154 essent,

62 3185 244 3256 dummodo
264 3201 364 3254 essent
384 3187 504 3258 idonea.
517 3191 540 3223 ''
558 3224 559 3228 ¹

112 3309 164 3376 Ex
195 3310 325 3403 poeticis
359 3310 515 3376 Ciceronis
549 3311 817 3378 musitationibus
850 3309 1001 3378 nonnulle

63 3452 168 3522 supra
194 3427 373 3502 attulimuse
417 3428 458 3496 de
488 3432 625 3498 oratoriis
649 3454 723 3498 vero
748 3454 813 3496 non
841 3452 1000 3522 possumus

63 3545 265 3638 dijudicare,
301 3546 387 3640 quod
418 3573 469 3615 eas
498 3549 562 3616 sere
593 3573 698 3616 omnes
726 3549 850 3616 notitiae
869 3565 1000 3616 ‘nostrae

63 3681 152 3735 aetas
180 3667 307 3762 esipuit.
359 3668 470 3765 Neque
502 3666 599 3755 adeo,
628 3685 751 3760 praeter
778 3655 1001 3761 'Xenophontis
1066 3712 1068 3716 -

74 3820 398 3845 Μ’*

97 3876 136 3966 ,ὴ
154 3894 199 3970 n·
216 3894 295 3951 oar.
314 3897 335 3951 1.
356 3917 381 3952 e.
398 3896 439 3953 st.
458 3898 540 3965 eser,
561 3901 632 3954 roa
650 3902 704 3952 ca.
725 3904 751 3971 a.
768 3899 810 3953 50.
886 3942 889 3947 .
988 3882 989 3887 '
