2536 4724
604 411 648 475 52

212 587 279 659 Sed
306 586 355 656 hit
376 583 550 674 juventutis
580 578 726 675 periculis
746 578 834 647 nullo
852 576 1108 649 niodoCioeao·

172 708 265 777 nima
288 705 388 800 poesis
411 701 551 771 absoluta
572 717 629 768 est.
661 698 765 768 Multa
777 697 829 766 ille
845 715 942 766 aetate
958 697 1107 787 giuudior

164 827 288 922 ,partim
308 824 484 908 inchoavit,
504 821 621 914 partim
639 819 770 911 perfecit
787 834 947 910 poemata,
969 840 1105 923 quorum

172 948 207 1015 iu
229 944 374 1039 Epistolis
400 944 461 1009 suis
489 942 681 1008 mentionem
707 939 791 1007 fecit.
837 940 884 1005 De
909 939 945 1005 iis
972 938 1108 1007 breviter

172 1066 232 1135 hle
253 1061 407 1155 quaedam
430 1061 617 1128 notabimus.
660 1062 748 1126 Patet
774 1083 815 1125 ex
842 1057 1007 1150 Epistolis,
1030 1082 1107 1149 quas

163 1183 216 1257 ,ad
237 1183 381 1252 Atticum
401 1177 515 1264 dedit,
540 1180 619 1247 serio
640 1202 732 1263 euin,
753 1194 838 1266 gesto
860 1175 1045 1262 consulatu,
1066 1174 1106 1245 de
1134 1194 1139 1201 ·

169 1301 247 1372 ¹villa
264 1300 413 1392 Arpinati
431 1300 569 1367 versibus
590 1295 773 1365 celebranda
790 1297 942 1385 cogitasse
976 1298 1051 1387 Qua
1067 1293 1107 1365 de

70 1467 72 1476 ·
177 1444 212 1489 re
234 1419 280 1488 sio
303 1418 434 1489 scribit:
454 1418 482 1486 ι)
528 1415 665 1486 »Velim
688 1415 729 1483 ad
757 1440 808 1485 me
834 1418 970 1503 scribas,
997 1419 1107 1507 ciijus-

166 1535 267 1624 -modi
294 1538 335 1604 sit
368 1539 547 1622 Ἀμαλθεῖον
583 1552 697 1620 tuum,
715 1536 743 1605 2)
787 1560 852 1628 quo
883 1551 1018 1620 ornatu,
1035 1560 1109 1627 qun

165 1662 360 1740 mateola,
388 1670 421 1720 et
452 1677 531 1746 quae
565 1670 705 1748 poemata
736 1678 877 1747 quasque
904 1653 1047 1721 historias
1072 1650 1134 1736 de.

179 1764 356 1863 'Anatole'
375 1771 494 1858 hahes,
516 1771 556 1840 ad
574 1798 626 1840 me
643 1776 755 1841 mittas.
782 1754 898 1842 'Lubet
915 1773 997 1841 mihi
1012 1773 1112 1844 sicera

178 1895 215 1961 in
240 1892 424 1988 Arpinati.”
468 1892 568 1984 Quod
597 1896 693 1982 igitur
721 1895 809 1986 quasi
836 1892 920 1961 aliud
952 1919 1048 1982 agens
1079 1896 1112 1961 iu

182 2011 289 2082 Mario
317 2014 535 2098 inchoaverat,
568 2039 657 2083 nunc
688 2013 759 2083 data
786 2039 880 2109 opera
906 2029 940 2082 et
966 1999 1116 2109 peculiari

180 2129 286 2199 studio
303 2133 339 2197 in
360 2134 501 2200 animum
524 2130 648 2199 induxit
671 2133 833 2227 perficere.
867 2135 915 2200 De
933 2133 997 2202 hoc
1013 2151 1116 2203 autem

181 2251 343 2344 proposito
359 2250 418 2317 etsi
434 2265 506 2343 post
527 2250 608 2318 nihil
628 2252 760 2346 amplius
781 2250 884 2336 dicat,
901 2253 1044 2344 suspicor
1062 2269 1113 2321 ta-

182 2392 258 2437 men
277 2372 429 2463 pepip‘sse
449 2394 522 2438 eum
544 2396 689 2457 carmen,
713 2374 803 2462 cujus
821 2371 1117 2443 fueritversiculua:

250 2522 289 2573 Iu
305 2531 411 2572 mantea
423 2522 555 2591 patrios,
575 2524 658 2574 etad
672 2523 846 2576 incunabulo
865 2533 975 2577 nostra.
990 2525 1024 2595 5>

183 2653 291 2742 Quem
313 2656 418 2746 potius
448 2654 531 2741 hue,
559 2681 656 2748 quam
678 2681 750 2725 eum
769 2609 938 2727 Wielaiido
958 2655 1001 2725 ad
1024 2657 1123 2728 libros

88 2782 91 2787 ’
186 2771 228 2837 de
242 2775 418 2838 aemulata
440 2774 581 2842 reseram.
599 2775 628 2844 4)
664 2779 776 2871 Neque
798 2779 941 2861 mirarer,
954 2778 989 2844 -si
1010 2780 1124 2850 Cicero

168 2888 244 2982 *¹¹⁰9*
265 2891 402 2957 cumina
424 2891 527 2960 villam
551 2893 769 2986 Arpinatem,'
787 2895 887 2986 qualis
907 2896 1011 2964 fuerat
1034 2923 1121 2992 pue-

182 3010 269 3076 ritiae
288 3033 360 3076 suae
382 3013 550 3097 memoria,
583 3038 656 3080 eum
679 3039 750 3082 avus
773 3016 905 3102 viveret,
936 3033 968 3083 et
987 3021 1124 3112 antiquo

184 3151 270 3197 more
286 3153 383 3222 parva
400 3146 493 3215 esset,
519 3148 555 3197 ut
573 3134 708 3199 Curiana
729 3136 763 3199 in
786 3135 928 3221 Sabinis,
953 3162 1122 3232 eompara-

182 3252 262 3318 verit
293 3277 369 3319 cum
398 3250 469 3335 illa,
505 3252 628 3342 qualem
655 3279 743 3322 nunc
771 3253 917 3341 haberet,
951 3261 1053 3352 patris
1074 3262 1124 3330 aui

182 3367 286 3437 studio
314 3370 403 3438 latius
430 3369 633 3440 aedificatam.
698 3375 874 3467 Antiquam
900 3395 1005 3448 autem
1037 3381 1125 3452 illam

217 3563 433 3631 i)a‹1Ait.1.
454 3571 496 3623 16.
531 3573 561 3639 2)
582 3573 625 3624 De
646 3575 789 3627 Amaltheo
809 3580 896 3632 Attici
913 3580 948 3632 cs.
970 3581 1039 3638 Ean.
1059 3585 1124 3640 ind.

167 3652 236 3737 'Gn
247 3686 266 3702 -
277 3655 338 3710 Lat.
347 3678 376 3735 l·
392 3654 574 3734 Ἀμαλθεῖσν,
596 3668 743 3736 Wieland,
762 3677 842 3727 Vera.
849 3679 938 3729 Germ.
952 3687 972 3732 t·
987 3683 1009 3734 l·
1020 3700 1051 3749 p.
1059 3697 1123 3757 279·

166 3742 211 3833 '³1
233 3744 276 3795 Ad
288 3747 351 3800 Aa.
366 3749 404 3803 11.
417 3752 459 3804 ιε.
494 3756 524 3824 a)
545 3757 599 3822 op.
613 3755 630 3806 1.
650 3767 669 3810 t.
689 3761 712 3811 i.
729 3779 756 3827 p.
769 3763 829 3815 400·
856 3766 900 3816 ca.
921 3756 1070 3825 satientur
1088 3775 1124 3826 ui

168 3826 376 3923 'Terentianum
397 3858 422 3906 p·
441 3845 502 3897 280.
554 3845 677 3900 Orelli‘ua
701 3849 772 3905 hunc
795 3871 902 3909 version
926 3860 1021 3914 retulit
1046 3863 1124 3918 inter

180 3922 275 3990 fragm.
288 3925 407 3981 incertae
425 3932 506 3987 sadis.
526 3942 546 3989 t.
560 3937 611 3990 lv.
623 3957 650 4005 p.
662 3939 722 4009 57⁰·
1005 3926 1008 3933 ι
