2536 4724
619 411 686 492 ase
770 446 772 455 ·

186 623 310 666 monem
328 602 501 683 enarravit,
526 622 619 689 quem
639 621 742 690 nuper
760 622 832 664 cum
851 599 956 664 Bruto
969 613 1003 662 et
1025 596 1113 664 Atti·-

185 743 223 786 eo
249 717 289 784 de
314 719 375 786 hoc
394 735 572 805 argumento
593 734 724 810 propter
747 716 879 783 Platonis
905 731 1039 781 statuam
1053 715 1107 780 in«

49 869 53 886 ·
185 840 333 905 stituerat.
355 840 392 904 lu
421 863 486 928 quo
509 835 626 929 prodiit
645 834 774 929 quidem
785 832 940 927 ipse,sed
956 833 1107 900 abamieis·

35 988 123 1107 Q,
137 1060 139 1065 ¹
182 957 221 1024 ad
234 983 301 1025 cam
310 938 550 1050 disputationem
560 958 726 1039 invitatus,
741 978 835 1046 quam
844 952 1024 1063 detrectare
1031 953 1099 1019 ami·

55 1066 60 1091 '³
85 1056 270 1183 ι(ᾖξίιιιιιιι
291 1078 380 1147 causa
392 1102 456 1144 non
469 1075 717 1170 putabatlicere.
740 1073 1021 1161 Videbaturigitur
1042 1097 1099 1139 ser·

112 1175 285 1269 „ta-‚honis
305 1197 384 1266 illitu
413 1195 568 1263 referendi
588 1198 787 1288 speciesuam
798 1193 1103 1292 qmndamocculta·

125 1362 127 1366 ι
183 1340 218 1382 re
235 1313 392 1382 audaciam
405 1314 489 1381 velle.
512 1317 609 1382 Nunc
631 1339 703 1382 vero
714 1317 748 1380 in
762 1311 962 1382 conficiendo
971 1315 1102 1379 drama*

185 1445 216 1503 te
260 1434 459 1525 semetipsum
488 1432 580 1500 veluti
610 1435 644 1498 in
676 1457 765 1499 scena
796 1434 922 1526 posuit,
955 1433 1117 1523 arripuit·-

183 1579 245 1647 que
268 1554 433 1646 ⁴principis
476 1576 624 1646 penum
653 1553 875 1620 auctoritatem.
939 1552 1019 1642 Quo
1048 1548 1100 1618 sd·

183 1673 296 1741 ductus
317 1672 446 1741 Sallustii
472 1673 597 1739 hortatu
617 1670 759 1757 uidetur,
790 1689 912 1739 utnon
941 1688 1056 1744 temere
1070 1694 1102 1736 er

183 1794 321 1888 Epistola
360 1791 399 1859 ad
429 1794 588 1883 Quintum
626 1792 754 1858 fratrem
783 1792 810 1858 ¹)
844 1791 1000 1885 suspicari¹
1029 1790 1101 1856 lieet.

185 1965 207 2000 „
230 1913 418 1982 Admonitus
441 1937 529 1995 sum,
551 1913 673 2002 inquit,
697 1913 735 1978 ab
758 1910 831 1993 illo,
866 1909 968 1978 multo
997 1910 1105 1996 majore

182 2036 360 2102 auctoritate
381 2032 439 2098 illis
458 2029 499 2097 de
526 2033 622 2101 rebus
649 2029 711 2097 dici
731 2053 840 2122 posse,
863 2030 888 2094 si
908 2030 977 2118 ipse
996 2029 1100 2120 loque-

182 2177 233 2218 rer
251 2152 291 2216 de
313 2153 507 2240 rqmdlica,
526 2151 704 2242 praesertim
728 2175 828 2239 quum
846 2172 944 2214 essem
962 2147 1098 2216 consula-

176 2274 222 2340 'ris
240 2289 271 2337 et
284 2274 329 2353 is,
352 2272 407 2360 qui
433 2272 468 2336 i'n
493 2271 631 2336 maximis
661 2285 795 2335 versatus
814 2269 849 2332 in
869 2268 1031 2360 republica
1052 2291 1097 2333 re-

182 2395 240 2461 bus
261 2365 375 2458 essem}
399 2414 477 2482 quae
506 2406 568 2454 tam
597 2381 733 2478 intiquis
752 2388 930 2454 homiuibus
953 2388 1099 2453 attribue·

181 2535 268 2592 rem,
290 2535 326 2578 ea
354 2511 454 2576 visum
473 2509 515 2573 iri·
534 2507 607 2577 licta
640 2531 722 2575 esse:
746 2507 912 2573 oratorium
936 2528 1100 2573 sermonem

180 2635 215 2697 in
242 2629 300 2696 illis
324 2629 433 2696 nostris
453 2627 562 2711 libris,
586 2627 671 2717 quod
703 2643 778 2692 esset
800 2624 840 2691 de
856 2627 976 2692 ratione
995 2624 1099 2692 dicen·

183 2745 236 2829 di,
258 2746 440 2813 bellesme
466 2747 626 2813 removisse
638 2775 650 2832 3
675 2744 715 2811 ad
740 2769 790 2812 eos
812 2754 916 2813 tamen
949 2745 1103 2825 retulisse,

182 2888 260 2956 quos
284 2866 350 2956 ipse
377 2862 540 2931 vidissem:
564 2864 762 2931 Aristotelem
785 2862 946 2955 denique,
964 2889 1044 2956 quae
1064 2863 1101 2929 de

182 2983 342 3078 republica
361 3001 393 3050 et
418 3000 594 3077 praestante
617 2986 683 3052 viro
704 2976 840 3067 scribat,
862 2984 969 3076 ipsum
982 2983 1100 3082 loqui.”

182 3103 324 3174 Proiecto
341 3129 405 3170 nou
424 3121 470 3170 est
489 3102 990 3188 nn1andum,hac'omi0ncvirt
1015 3130 1100 3173 com·

183 3242 302 3293 motum
330 3249 361 3291 se
393 3224 480 3291 lateri
502 3227 705 3307 Ciceronem,
738 3240 790 3306 et,
825 3249 888 3312 qua
918 3225 1038 3290 ratione
1061 3222 1107 3288 illi·

179 3347 299 3439 sibique
324 3346 393 3411 satis
427 3344 558 3429 laceret,
592 3343 698 3413 sedulo
728 3345 916 3437 quaesivisse.
973 3343 1104 3412 Videtur

180 3465 293 3551 igitur,
316 3462 429 3532 ductus
449 3489 485 3531 eo
502 3467 684 3558 proposito,
709 3481 745 3530 ut
765 3467 912 3533 maximos
925 3482 1036 3532 motus
1054 3465 1101 3532 ci·

180 3586 279 3651 vitatis
310 3586 463 3652 Romanae
487 3586 667 3672 attingeret,
714 3583 964 3676 medicinamque
988 3585 1109 3673 jacenti-

180 3702 389 3787 ministraret,
412 3701 489 3769 illud
508 3704 668 3772 consilium
688 3729 749 3772 esse
766 3720 908 3789 secutus,
932 3703 1043 3797 quod,
1064 3728 1102 3771 ne

182 3824 343 3888 incurrens
383 3825 417 3888 in
446 3848 498 3890 sua
533 3841 671 3918 tempora
701 3824 870 3893 ostenderet
892 3801 1108 3919 quempiam,

197 3943 247 4063 ἰ)
265 3992 300 4047 ι.
320 3993 364 4047 ιιι
392 3993 418 4046 s.
