2536 4724
581 440 641 505 2³³

147 596 232 679 nim
254 609 444 692 contuierat,
478 607 522 674 itu
541 609 640 675 eidem
667 607 706 673 de
728 600 949 673 immortalitate
979 603 1077 699 animi

151 715 334 823 disputandi
355 747 457 822 partes
480 731 596 796 tribuit.
641 725 738 818 Quod
760 743 863 792 tamen
893 748 993 816 quum
1022 726 1074 792 vi-

150 851 278 920 deretur
299 874 411 942 parum
442 841 626 918 conveniens
659 828 797 914 Panaetii
822 845 995 940 discipulo,
1021 847 1076 935 qui

148 970 233 1039 iiiam
252 986 396 1059 negasset
423 971 597 1036 Stoicorum
627 969 732 1055 more,
763 965 926 1033 sublimem
959 966 1076 1031 exitum

150 1093 240 1182 operi
265 1113 328 1158 ‘suo
356 1089 508 1181 „quaesivit
538 1089 669 1170 Cicero,
693 1109 757 1178 quo
788 1101 819 1151 et
836 1085 886 1151 iila
905 1078 1078 1150 traderetur

151 1207 328 1277 doctrinar
349 1208 513 1301 Scipione,
536 1223 568 1273 et
591 1206 739 1273 Platonici
768 1202 878 1291 dialogi
907 1204 1073 1270 haberetur

153 1325 323 1396 similitudo
343 1326 504 1418 quaedam.
560 1329 668 1418 Itaque
693 1349 792 1416 quum
812 1324 898 1392 Plato
914 1324 1023 1417 mytbo
1040 1321 1081 1389 dc

152 1449 214 1516 Ere
249 1445 426 1541 Pamphylo.
451 1448 486 1512 in
519 1447 612 1512 vitam
639 1444 788 1512 redeunte
822 1444 971 1538 placitum
1002 1441 1080 1510 illud

152 1567 358 1660 exposuisset,
401 1588 465 1656 quo
491 1563 581 1630 simul
611 1563 795 1651 significaret
834 1561 915 1632 vitae
953 1560 1078 1630 honeste

153 1668 294 1778 peractae
321 1685 619 1766 remunerationem,
661 1682 770 1749 Cicero
803 1681 956 1782 Scipionis
992 1705 1079 1748 som·
1193 1750 1196 1754 ,

152 1804 257 1870 nium
271 1801 388 1885 refert,
423 1810 487 1892 quo
508 1799 678 1868 vindicaret
699 1803 872 1868 animorum
895 1799 1079 1867 immortali-

153 1938 259 1989 tatmr.
305 1919 439 1990 Accedit
467 1937 569 1987 autem
600 1945 705 1987 rerum
727 1920 901 1989 coelestium
920 1921 1087 2014 interpre-'

158 2043 306 2124 tatio,›a
330 2040 455 2108 Platone
476 2039 605 2132 quidem
625 2043 744 2134 petita,
775 2039 828 2107 sed
861 2067 901 2107 cx
927 2026 1084 2108 communi

153 2159 462 2250 ionte,ffitbagorea
485 2161 688 2243 obscuritate,
702 2158 844 2228 derivata.
867 2159 930 2229 Sed
949 2161 1024 2229 haec
1047 2160 1086 2228 de
1108 2235 1112 2241 ,

156 2281 307 2372 primario
323 2281 483 2348 Ciceronis
503 2303 596 2372 opere
615 2280 784 2348 sufficiant:
809 2303 929 2367 agamus
957 2280 996 2348 de
1021 2284 1086 2372 ejus

158 2398 312 2490 Legibus.

200 2519 315 2584 Cicero
346 2542 465 2608 quum,
488 2519 621 2585 scribere
643 2516 683 2585 de
704 2517 874 2612 Republica
900 2522 1086 2604 instituens,

156 2633 294 2704 Platonis
322 2658 353 2702 se
386 2637 531 2703 comitem
563 2636 715 2730 professus
746 2637 1018 2722 esset1)'‚noluit
1048 2641 1086 2705 ab

152 2778 197 2824 eo
215 2757 304 2847 prius
325 2753 505 2840 discedere,
528 2755 681 2845 quemad
702 2757 800 2823 finem
830 2759 1007 2847 institutum
1030 2744 1088 2829 iter'

157 2869 361 2964 perduxisset.
413 2875 522 2964 Itaque
567 2873 661 2942 libros
681 2877 755 2942 item
787 2873 827 2942 de
844 2875 960 2964 legibus
983 2881 1086 2972 scrip-

158 2990 200 3060 tit
225 2983 280 3076 ²),
303 3015 440 3084 quornm
467 2992 639 3078 librorum,
661 2993 748 3085 quod
767 2997 868 3061 mirati
888 3014 962 3063 sunt
981 2998 1090 3081 multi,

167 3156 170 3163 '
196 3149 224 3218 ι)
243 3143 348 3200 Plinius
365 3137 435 3201 Hire.
453 3151 516 3204 Nat.
536 3151 623 3204 Praei.
674 3154 702 3221 2)
723 3154 764 3205 De
788 3171 899 3205 numero
919 3125 1011 3208 eorum
1034 3172 1091 3229 non

163 3242 279 3291 constat.
298 3235 427 3290 Davisius
437 3242 465 3290 in
475 3240 563 3291 Praei·
582 3252 643 3293 octo
662 3240 751 3294 fnisse*
764 3245 888 3311 conjecit.
909 3241 1086 3308 Morab'inus,

160 3331 230 3378 brie
248 3325 356 3380 Motero
387 3328 416 3379 in
436 3329 543 3382 introd.
572 3329 647 3383 Edit.
677 3348 739 3383 suae
765 3349 793 3398 p.
819 3349 883 3402 up,
910 3332 957 3400 qui
980 3332 1089 3386 candem

161 3431 224 3467 cnm
256 3413 411 3468 Goerenzio
437 3427 464 3469 et
482 3418 612 3472 Sebutzio
639 3423 796 3472 sententiam
823 3428 937 3484 tuetur,
963 3440 1012 3474 sex
1035 3439 1093 3478 esse·

160 3498 261 3555 votuit.
294 3501 448 3556 Macrobius
481 3505 605 3575 quintum
635 3499 734 3562 librum
756 3508 846 3562 iaudat
870 3509 941 3580 (Sat.
963 3510 1016 3562 vt.
1036 3513 1089 3582 4).

162 3589 236 3642 nude
262 3593 381 3664 quinque
411 3595 493 3647 fuisse
513 3595 652 3650 Fabricius
670 3595 699 3648 in
723 3596 793 3651 Bibl.
815 3597 877 3652 Lat.
899 3606 919 3652 t.
943 3599 966 3654 l.
984 3619 1011 3668 p.
1031 3603 1091 3656 188.

164 3678 337 3733 existimavit.
351 3700 393 3724 ⁶·-
420 3684 472 3737 (ΣΠ.
498 3683 533 3739 P.
558 3685 634 3738 iiami
658 3688 796 3743 Praelect.
823 3689 862 3740 ad
884 3689 933 3741 zib.
956 3691 988 3742 de
1008 3693 1091 3765 Legg,

165 3766 249 3822 Basii.
277 3769 354 3825 1580.
383 3772 548 3841 Chapmanni
567 3778 645 3829 Disr.
666 3778 792 3830 Chronol.
819 3781 960 3832 de'aetate
976 3778 1093 3857 ‘iffi‘

166 3858 253 3929 ἃδε.
282 3859 382 3913 Addita
414 3870 456 3915 eet
490 3865 580 3935 Epist.
600 3864 734 3919 Tunsteili
766 3866 799 3918 ad
826 3865 1035 3924 Middiotouurn.
1058 3893 1092 3914 -ι

164 3943 235 4002 Bor.
266 3949 444 4008 lnimdnetios
473 3954 576 4025 Dignos
600 3956 680 4010 otim
700 3962 784 4022 tout,
803 3974 870 4028 ques
890 3957 922 4009 ad
945 3954 1019 4012 hond
1033 3943 1094 4016 diss
