2536 4724
514 388 572 455 lli

73 577 138 643 tes,
155 557 295 648 juvenile
312 562 380 647 ejus
398 561 560 648 ingenium
577 559 705 628 flectere
716 578 748 629 et
765 566 890 656 optimis
907 590 1003 661 prae*

67 677 167 769 ceptis
187 675 267 745 alere
292 703 329 749 ac
354 676 547 747 conformare
568 677 832 765 aggrediehautm.
865 686 905 752 Iu
923 711 1005 778 qnos.

70 819 143 865 rum
171 820 306 873 numero
333 795 485 880 Archias,
506 797 659 867 Diodotus
680 817 712 866 et
727 799 912 894 Apollonius
931 806 1004 871 fue·

67 937 115 982 re.
151 915 254 983 Civilis
275 931 378 981 autem
398 914 583 1007 prudentiae
607 918 780 1011 principia,
806 919 1005 992 domesticam

64 1033 197 1120 gloriam
208 1060 248 1115 ‚a
269 1037 384 1126 quibus
405 1033 530 1101 tandem
548 1051 685 1126 poterat,
701 1063 797 1127 quam
817 1040 856 1106 ab
869 1056 1006 1132 utroque

64 1150 215 1221 Scaevola
245 1152 352 1219 melius
383 1155 574 1244 interiusque
609 1158 772 1248 percipere
794 1162 811 1226 i
845 1161 1006 1228 Postremo

65 1270 265 1365 philosophia
285 1274 414 1361 ejusque
436 1270 578 1339 doctores
600 1273 783 1341 attendendi
800 1295 884 1345 sunt.
917 1280 1002 1349 Nam

67 1413 162 1474 cum,
177 1391 333 1483 superiore
352 1407 463 1474 aetate,
477 1395 704 1461 concertatione
726 1397 905 1488 artibusque
917 1397 997 1491 phi-

66 1506 292 1601 losophorum,
315 1511 416 1578 inusta
434 1510 647 1604 philosophiae
665 1530 742 1579 emet
760 1517 860 1608 turpis
881 1514 1001 1610 depra-

68 1628 197 1697 vationis
215 1647 310 1714 nota,
328 1654 407 1721 quae
419 1654 476 1722 per
485 1654 591 1702 omnes
613 1633 710 1723 ipsius
720 1649 822 1725 partes
842 1635 1004 1722 ingraves-

69 1749 180 1830 orbat,
201 1765 239 1814 ut
254 1747 426 1816 dimicandi
447 1751 604 1816 contentio
625 1751 756 1817 veritatis
777 1776 913 1818 amorem
934 1752 1000 1819 tol-

67 1865 165 1937 leret:
189 1883 297 1936 contra
324 1892 434 1952 nunc,
456 1866 567 1934 sedatis
583 1869 723 1935 maximis
744 1867 926 1953 discordiis,
947 1893 1001 1937 se·

66 2011 146 2055 reno
167 1988 233 2081 ipsa
263 1986 353 2056 vultu
381 1990 594 2056 auctoritatem
610 1968 670 2053 sibi
689 2012 775 2055 suam
794 1986 997 2074 dignitatem·

69 2129 169 2198 quea
186 2106 365 2194 gravisimis
377 2106 449 2173 riris
467 2106 641 2174 restitutam
652 2104 786 2173 videbat.
810 2108 1000 2177 Instauratae

68 2224 195 2293 suntad
205 2226 370 2317 antiquam
381 2224 515 2292 Platonis
536 2225 687 2291 rationem
695 2223 887 2310 singularum
898 2240 1000 2291 secm-

68 2369 143 2413 rum
159 2346 353 2428 'sententiae,
376 2345 495 2436 quique
516 2368 621 2411 earum
645 2344 804 2436 principes
826 2345 1003 2413 censebam.

67 2482 143 2550 tur,
187 2464 382 2532 honorabant
406 2463 489 2529 illam
521 2489 557 2530 ac
588 2437 775 2528 tuebantur
828 2461 881 2528 Sic
909 2459 1002 2539 Philo

67 2587 205 2669 Romae,
247 2583 380 2652 Athenis
413 2574 613 2666 Antiochus,
659 2578 764 2646 Rhodi
793 2577 1001 2669 Posidonius,

67 2729 155 2772 suam
186 2705 304 2796 quique
325 2705 404 2769 viam
422 2718 581 2784 tenentes,
605 2699 763 2767 communi
780 2699 998 2785 jungebantur

67 2824 203 2892 Platonis
225 2847 350 2906 amore,
386 2846 481 2912 quem
506 2822 628 2913 scriptis
653 2845 689 2885 ac
719 2816 880 2909 disciplina
906 2839 997 2882 com-

67 2944 227 3011 municare
251 2968 324 3010 cum
355 2941 419 3006 aliis
441 2956 472 3005 et
493 2963 661 3032 propagare
681 2936 858 3002 studebant.
903 2936 998 3000 Cice-
1055 2997 1057 3001 .

68 3086 106 3131 ro
139 3063 253 3148 igitur,
285 3062 452 3128 triumviris
486 3060 542 3126 illis¹
580 3083 651 3125 usus
668 3064 670 3069 ’
688 3058 857 3143 magistris,
890 3053 1000 3121 ordine

70 3179 208 3273 quodam
228 3207 265 3248 ac
288 3181 499 3274 progressione
521 3178 622 3243 hausit
639 3202 678 3242 ex
698 3199 807 3242 eorum
826 3174 1001 3238 institutio-

70 3325 111 3369 ne
135 3318 231 3369 totam
257 3298 496 3393 philosophiam.
539 3297 687 3378 Etenim,
710 3311 747 3360 ut
779 3290 931 3372 vidimus,
954 3298 1003 3355 'eo

69 3420 164 3497 veluit
177 3418 368 3487 'Philoniana
386 3419 482 3512 ratio,
504 3433 540 3482 ut
557 3415 676 3482 ethicae
686 3413 875 3504 praesertim,
889 3407 1003 3501 philo-2

68 3539 194 3634 sophiae
212 3541 386 3632 perciperet
406 3539 470 3606 vim
489 3551 522 3602 et
544 3536 797 3616 utentemm
819 3531 892 3620 ipsis
908 3526 1006 3594 duo-³

69 3678 131 3729 tam
167 3659 301 3735 Platonis
330 3657 489 3739 fontibus3
537 3650 730 3732 Antiochea,
771 3647 1001 3738 qualiscunque

70 3780 179 3864 suerit,
212 3754 398 3847 confirmare
426 3775 509 3841 illam
530 3771 726 3865 disciplinam
758 3765 1006 3859 potuit'ePusiv.

72 3898 208 3985 dophna
225 3914 329 3969 autern
346 3897 447 3980 ratio,
465 3893 553 3961 latius
568 3907 698 3988 pateus,
709 3905 742 3956 et
760 3883 906 3977 singulari
925 3908 1006 3952 uun
