2536 4724
623 385 682 454 1³8

184 559 283 636 etlooc
317 553 460 641 Graeci,
490 556 608 626 Latini
636 560 790 627 liberales
805 568 947 627 nocam.
1017 556 1114 628 Solae

182 683 292 742 eutem
317 677 468 742 liberales
486 688 587 763 suot,
621 683 684 744 imo
714 681 853 763 liberae,
874 679 996 769 quitus
1014 701 1113 746 caerae

183 797 289 860 virtus
323 805 379 861 ost.
424 798 484 862 Has
517 814 620 866 autem
652 823 758 865 omnes
792 817 893 883 artes,
915 823 1030 886 genere
1046 801 1112 893 ipso,

181 899 413 1015 diversissimas,
434 917 573 983 inventas
595 919 799 1009 philosoplis
830 918 959 1004 deberi,
982 935 1106 987 senten-

181 1034 222 1101 tia
244 1033 399 1102 Posidonii
423 1034 507 1122 fuit3
533 1035 621 1129 quod
645 1038 761 1105 Seneca
782 1037 893 1123 docet,
917 1041 1034 1132 quiin
1056 1062 1106 1108 oe·

178 1154 251 1220 teris
274 1153 438 1222 Posidonio
458 1180 614 1241 assensus,
637 1173 728 1244 negat
750 1160 809 1225 sibi
834 1157 933 1226 videri
966 1183 1027 1225 eae
1049 1181 1106 1224 or-

180 1284 228 1341 tes
246 1299 269 1340 o
284 1276 493 1364 philosophia
512 1280 682 1361 inventos,
705 1280 821 1367 quibos
854 1282 891 1344 in
918 1277 1105 1366 quotidem

178 1418 242 1467 ure
265 1400 335 1462 vita
364 1393 540 1479 utitur-1),
564 1394 604 1462 de
629 1395 806 1471 liberalibus
825 1394 976 1487 quidem,
990 1398 1039 1464 uti
1057 1395 1103 1465 ti·

178 1512 294 1602 detur,
316 1542 381 1585 non
407 1541 594 1611 magnopere
622 1514 813 1583 dissentiens.

218 1638 403 1706 Uberiorem
420 1655 523 1705 autem
549 1637 660 1702 harum
681 1661 788 1704 rerum
808 1636 1002 1703 mentionem
1021 1634 1101 1704 saoc-

179 1781 266 1844 oere,
281 1783 354 1826 cum
370 1775 525 1826 certorum
538 1758 782 1824 testimoniorum
800 1772 881 1824 vetat
901 1757 1028 1848 inopia,
1041 1771 1103 1821 tum

177 1903 195 1944 a
216 1877 429 1969 disquisitione
449 1894 552 1945 nostra
566 1877 685 1963 longius
706 1877 800 1942 abest.
836 1877 942 1968 Caput
961 1877 1048 1942 enim
1063 1874 1103 1941 rei

176 2000 346 2086 attigimus,
369 1996 456 2089 quod
489 2023 568 2064 num
598 1996 693 2062 fuerit
725 1996 757 2079 ei¹
783 2020 857 2063 cum
880 1995 992 2062 Stoicis
1017 2018 1102 2062 oom-

175 2116 293 2201 mnne,
331 2115 372 2184 de
392 2142 430 2185 eo
459 2119 571 2183 merito
603 2113 805 2201 dubitamus3
850 2132 933 2182 certe
966 2115 1102 2183 subtilius

173 2236 223 2303 illa
244 2234 285 2301 ad
303 2237 417 2301 artium
444 2237 559 2327 species
582 2232 718 2302 deducta
748 2237 885 2326 quaestio
906 2236 942 2300 iis
978 2235 1101 2301 minimo

173 2355 304 2450 propria
326 2353 393 2420 suit.
436 2355 526 2447 Quae
550 2371 653 2420 tamen
686 2379 746 2422 nec
768 2355 925 2423 Platonica
955 2353 1101 2423 censenda

173 2490 241 2543 este
264 2471 342 2539 illud
374 2500 390 2540 a
422 2473 548 2540 Platone
583 2476 719 2566 suscepit
739 2491 770 2539 ot
801 2475 919 2560 egregie
939 2475 1097 2565 exposuit,

173 2617 197 2659 a
212 2592 421 2681 philosophia
437 2595 629 2680 graviorem
657 2597 779 2657 ortium
804 2597 947 2658 omnium
971 2618 1013 2659 ac
1033 2593 1097 2659 dab-³

160 2705 388 2801 ‘apolinarem
411 2735 496 2798 quae
519 2711 649 2798 quidem
670 2712 719 2778 od
737 2713 974 2779 humanitatem
991 2716 1095 2803 perli-

171 2823 514 2907 conmutationem
531 2831 722 2920 profectam
746 2855 823 2904 esse.
877 2835 1027 2899 Ceterum
1046 2830 1096 2897 alia

170 2967 266 3034 snut,
289 2973 369 3042 quae
392 2974 430 3015 ex
451 2948 561 3017 eodem
573 2950 660 3016 fonte
684 2950 806 3035 hausit,
819 2949 914 3038 digna
933 2976 1011 3044 quac
1026 2950 1096 3017 hoio

169 3067 238 3137 loco
258 3070 471 3157 subjiciantur.
514 3071 595 3135 Nam
618 3095 718 3159 quum
749 3070 980 3166 philosophiam
1009 3069 1093 3137 dioe-

168 3206 218 3257 ret
239 3189 361 3256 animali
377 3189 474 3255 simile
494 3213 576 3270 esse,
599 3192 688 3276 cnjus
710 3207 812 3282 partes
832 3190 969 3277 singulae
988 3191 1092 3276 singu·

167 3305 204 3375 lis
226 3324 430 3396 congruerent
452 3290 664 3400 philosophiae
683 3309 844 3400 partibus,
867 3325 903 3373 ut
925 3334 998 3376 cum
1024 3329 1089 3374 car-

168 3450 210 3493 ne
239 3445 270 3494 et
294 3430 439 3514 sanguine
461 3427 603 3519 physicae
618 3429 737 3519 partis,
759 3427 871 3514 logicae
895 3453 969 3494 cum
990 3426 1088 3494 cruti-

168 3545 227 3611 bus
260 3545 429 3613 similitudo
475 3562 570 3629 esset,
614 3547 655 3612 ita
685 3547 832 3615 moralem
866 3565 988 3640 partem
1021 3547 1088 3613 cum

168 3667 269 3741 anima
300 3668 366 3760 ipsa
396 3667 594 3759 comparabat
618 3665 658 3734 2).
701 3665 787 3751 Sed,
823 3689 929 3762 quem
952 3663 1087 3745 ordinent

166 3842 450 3867 mmm-*p

199 3904 232 4000 i)
250 3925 337 3996 epta.
354 3945 398 4000 ρο.
449 3930 482 4000 ι)
498 3926 597 3981 mun
612 3945 640 3996 p.
657 3929 701 3984 oo.
794 3984 796 3992 ,
