2536 4724
616 375 676 442 128

177 543 368 637 diornmque
396 543 649 632 similitudinem,
693 549 848 634 secuturi,
890 546 934 617 de
966 552 1101 623 Panaetio

175 664 288 754 prius,
311 661 425 731 deinde
452 663 493 732 de
518 665 682 735 Posidonio
708 670 838 756 agemus.

223 783 330 875 Atque
350 787 484 851 Panaetii
503 785 632 876 quidem
653 791 828 856 memoriam
845 790 1030 877 excitantes,
1051 792 1097 858 in·

178 901 308 972 cidimus
332 921 444 996 sponte
466 922 568 972 nostra
588 908 623 972 in
651 908 862 974 florentissima
887 910 1095 1002 Imperii-Ro·

175 1026 260 1089 mani
281 1040 440 1113 tempora,
471 1025 505 1089 in
534 1026 686 1116 Scipionis
710 1027 867 1119 Laeliique
888 1030 1096 1115 juventutem,

174 1144 209 1207 in
231 1144 297 1234 ipsa
329 1144 465 1232 denique
498 1143 673 1211 liberalioris
702 1147 902 1214 institutionis
931 1148 1094 1235 elementa,

175 1286 254 1350 quae
288 1261 394 1328 laetius
414 1260 542 1329 deinde
561 1282 786 1335 .excreverunt.
851 1267 985 1334 Romam
1022 1268 1095 1334 enim

173 1382 334 1449 Panaetius
357 1380 537 1464 contendit,
566 1400 733 1475 postquam
759 1383 834 1451 inde
862 1384 999 1453 Serranis
1025 1410 1093 1453 aus·

173 1501 294 1567 toritate
322 1499 523 1567 discesserant
542 1502 658 1567 nobiles
687 1502 886 1597 philosophi,
921 1504 1092 1573 Atheniend

172 1619 252 1692 sium
275 1618 373 1705 legati.
417 1622 565 1710 Quorum
583 1646 681 1711 quum
702 1611 811 1687 infesta
830 1623 1032 1714 Reipublicae
1052 1622 1092 1690 le·

171 1738 323 1828 gihusque
344 1739 405 1804 visa
433 1739 561 1806 fuissent
583 1740 707 1807 consilia
730 1757 762 1806 et
782 1740 914 1808 insolens
935 1741 1091 1837 disputan-

171 1853 206 1921 di
233 1859 330 1941 ratio,
362 1861 539 1944 Panaetius,
581 1858 698 1926 advena
713 1857 867 1943 Athenis,
892 1861 929 1927 in
950 1846 1116 1953 scipionia

171 1992 203 2042 et
243 1978 337 2044 Laelii
377 1978 612 2045 familiaritatem
645 1977 877 2069 multorumque
917 1981 1093 2065 amicitiam,¹

170 2098 295 2187 nemine
322 2096 520 2180 adversante,
566 2096 759 2165 admittitur:
806 2097 949 2190 Scipioni
976 2096 1092 2189 quidem

171 2217 213 2280 ita
236 2216 412 2282 conciliatus
436 2217 545 2298 brevi,
590 2233 626 2281 ut
658 2241 723 2283 non
752 2215 851 2283 solum
873 2218 941 2304 ejus
969 2216 1093 2308 hospitio

170 2349 328 2415 uteretur,
356 2332 412 2399 sed
440 2358 513 2400 mox
533 2333 604 2416 illi,
630 2335 689 2400 iter
712 2335 746 2399 in
769 2333 951 2425 Aegyptum
971 2347 1089 2423 suscep·

171 2468 259 2535 turo,
294 2476 394 2518 comes
421 2451 651 2540 adjungeretur.
707 2453 760 2521 Sic
793 2470 896 2521 autem
929 2477 989 2544 per
1022 2447 1089 2519 illud

172 2587 315 2659 tempus,
339 2569 426 2659 quod
449 2575 563 2638 Romae
583 2570 736 2664 degebat,
758 2597 830 2638 cum
847 2571 952 2638 Laelio
972 2587 1003 2638 et
1021 2571 1089 2641 Sci·

171 2691 265 2782 piane
294 2691 387 2773 vixit,
422 2707 458 2755 ut
490 2716 555 2758 non
586 2708 744 2781 tamquam
772 2692 910 2782 privatus
933 2706 1012 2760 cum'
1031 2690 1087 2787 rei·

168 2804 310 2898 publicae
331 2810 610 2894 gubernatoribus,
633 2833 698 2875 non
712 2826 869 2898 tamquam
888 2811 1004 2877 amicus
1026 2830 1086 2875 cum

169 2925 363 3011 fautoribus,
386 2952 494 2994 verum
520 2929 567 2993 nti
595 2929 737 3014 magister
767 2950 841 2994 oum
862 2926 1019 3023 discipulis
1035 2928 1083 2993 be·

172 3046 338 3111 nivolentiai
367 3049 615 3134 conjungeretur.
660 3046 727 3135 Qui
746 3047 773 3110 si
792 3044 954 3113 mediocris
972 3045 1097 3111 fuissenta

170 3165 285 3250 ingenii
309 3166 383 3247 viri,
406 3188 464 3231 nec
487 3189 559 3230 cum
582 3165 780 3257 principibus
809 3166 988 3255 quibusque
1006 3185 1080 3241 come

172 3282 324 3373 parandi,
370 3283 558 3349 satisfecisset
588 3284 623 3347 iis
655 3287 845 3372 ingenuitas
885 3286 1020 3349 homenes
1049 3295 1080 3344 at

166 3409 340 3492 gravitas,
386 3414 417 3468 et
450 3427 514 3467 non
547 3402 715 3468 incondita
748 3407 834 3467 ratio
867 3402 1021 3469 orationis
1048 3392 1078 3460 ¹l·

171 3522 288 3612 Contra
314 3547 414 3614 quum
441 3521 624 3589 excellerent
656 3519 700 3584 illi
732 3522 870 3607 ingenio,
902 3543 1004 3610 nequa
1026 3515 1075 3581 ho-

176 3779 181 3785 ,
205 3725 232 3787 ι)
254 3723 296 3774 De
315 3721 375 3772 rin.
394 3720 492 3791 1V.·9.
509 3722 552 3774 28.
571 3722 614 3772 De
634 3721 697 3774 off:
710 3721 750 3772 ll.
769 3736 810 3771 ιο.
830 3718 882 3770 Cff.
914 3708 1073 3771 rossinol·

169 3811 189 3862 Ι.
209 3812 247 3864 11.
267 3813 308 3869 ab.
325 3810 451 3877 Lyndeni
467 3810 580 3877 Disput.
597 3810 796 3871 dePanaetro,
810 3804 1073 3873 accurataalagaatet·

171 3918 224 3972 qua
241 3901 402 3967 conscripta.
418 3898 517 3956 hiller.
535 3899 589 3967 op.
607 3898 627 3957 Ι.
650 3905 670 3953 t.
689 3896 745 3950 111.
763 3914 790 3963 p·
808 3898 875 3962 680,
892 3911 952 3966 sqq·
1065 3934 1068 3939 .
