<?xml version="1.0" encoding="UTF-8"?>
<!DOCTYPE html PUBLIC "-//W3C//DTD XHTML 1.0 Transitional//EN"
    "http://www.w3.org/TR/xhtml1/DTD/xhtml1-transitional.dtd">
<html xmlns="http://www.w3.org/1999/xhtml" xml:lang="en" lang="en">
 <head>
  <title>
</title>
<meta http-equiv="Content-Type" content="text/html;charset=utf-8" />
  <meta name='ocr-system' content='tesseract 3.04.00' />
  <meta name='ocr-capabilities' content='ocr_page ocr_carea ocr_par ocr_line ocrx_word'/>
</head>
<body>
  <div class='ocr_page' id='page_1' title='image "./mtulliuscicerop00kolkgoog_0104.png"; bbox 0 0 2536 4724; ppageno 0'>
   <div class='ocr_carea' id='block_1_1' title="bbox 514 345 554 412">
    <p class='ocr_par' dir='ltr' id='par_1_1' title="bbox 514 345 554 412">
     <span class='ocr_line' id='line_1_1' title="bbox 514 345 554 412; baseline 0.05 -2"><span class='ocrx_word' id='word_1_1' title='bbox 514 345 554 412; x_wconf 85' lang='lat'><strong>81</strong></span> 
     </span>
    </p>
   </div>
   <div class='ocr_carea' id='block_1_2' title="bbox 59 513 994 842">
    <p class='ocr_par' dir='ltr' id='par_1_2' title="bbox 59 513 994 842">
     <span class='ocr_line' id='line_1_2' title="bbox 62 513 994 608; baseline 0.011 -26"><span class='ocrx_word' id='word_1_2' title='bbox 62 513 177 599; x_wconf 74' lang='lat' dir='ltr'><strong>fuisse,</strong></span> <span class='ocrx_word' id='word_1_3' title='bbox 199 539 300 606; x_wconf 88' lang='lat' dir='ltr'><strong>quum</strong></span> <span class='ocrx_word' id='word_1_4' title='bbox 320 516 365 584; x_wconf 87' lang='lat' dir='ltr'><strong>sic</strong></span> <span class='ocrx_word' id='word_1_5' title='bbox 385 531 549 601; x_wconf 78' lang='lat' dir='ltr'><strong>statueret,</strong></span> <span class='ocrx_word' id='word_1_6' title='bbox 566 526 687 592; x_wconf 68' lang='grc' dir='ltr'><strong>ἐοικέναι</strong></span> <span class='ocrx_word' id='word_1_7' title='bbox 703 526 994 608; x_wconf 49' lang='lat' dir='ltr'><strong>circulauerat&amp;</strong></span> 
     </span>
     <span class='ocr_line' id='line_1_3' title="bbox 59 630 990 742; baseline 0.009 -40"><span class='ocrx_word' id='word_1_8' title='bbox 59 637 129 720; x_wconf 73' lang='grc' dir='ltr'><strong>τρῷ.</strong></span> <span class='ocrx_word' id='word_1_9' title='bbox 152 630 220 713; x_wconf 80' lang='lat' dir='ltr'><strong>,Sed</strong></span> <span class='ocrx_word' id='word_1_10' title='bbox 239 630 470 726; x_wconf 84' lang='lat' dir='ltr'><strong>dispiciendum</strong></span> <span class='ocrx_word' id='word_1_11' title='bbox 495 637 563 722; x_wconf 87' lang='lat' dir='ltr'><strong>jam</strong></span> <span class='ocrx_word' id='word_1_12' title='bbox 590 659 710 742; x_wconf 82' lang='lat' dir='ltr'><strong>porro,</strong></span> <span class='ocrx_word' id='word_1_13' title='bbox 725 635 990 728; x_wconf 77' lang='lat' dir='ltr'><strong>quemadmodum</strong></span> 
     </span>
     <span class='ocr_line' id='line_1_4' title="bbox 60 744 989 842; baseline 0.008 -24"><span class='ocrx_word' id='word_1_14' title='bbox 60 744 107 832; x_wconf 28' lang='lat' dir='ltr'><strong>&#39;in-</strong></span> <span class='ocrx_word' id='word_1_15' title='bbox 138 753 372 842; x_wconf 88' lang='lat' dir='ltr'><strong>comparationis</strong></span> <span class='ocrx_word' id='word_1_16' title='bbox 401 752 497 840; x_wconf 88' lang='lat' dir='ltr'><strong>hujus</strong></span> <span class='ocrx_word' id='word_1_17' title='bbox 528 777 596 826; x_wconf 14' lang='lat' dir='ltr'><strong>*usu</strong></span> <span class='ocrx_word' id='word_1_18' title='bbox 624 755 801 837; x_wconf 87' lang='lat' dir='ltr'><strong>constiterit</strong></span> <span class='ocrx_word' id='word_1_19' title='bbox 832 755 909 841; x_wconf 87' lang='lat' dir='ltr'><strong>sibi,</strong></span> <span class='ocrx_word' id='word_1_20' title='bbox 952 780 989 826; x_wconf 84' lang='lat' dir='ltr'><strong>aa</strong></span> 
     </span>
    </p>
   </div>
   <div class='ocr_carea' id='block_1_3' title="bbox 60 860 989 965">
    <p class='ocr_par' dir='ltr' id='par_1_3' title="bbox 60 860 989 965">
     <span class='ocr_line' id='line_1_5' title="bbox 60 860 989 965; baseline 0.003 -26"><span class='ocrx_word' id='word_1_21' title='bbox 60 870 197 939; x_wconf 87' lang='lat' dir='ltr'><strong>Socratis</strong></span> <span class='ocrx_word' id='word_1_22' title='bbox 230 872 412 963; x_wconf 81' lang='lat' dir='ltr'><strong>expresserit</strong></span> <span class='ocrx_word' id='word_1_23' title='bbox 443 860 620 939; x_wconf 81' lang='lat' dir='ltr'><strong>rationem</strong></span> <span class='ocrx_word' id='word_1_24' title='bbox 667 872 721 940; x_wconf 85' lang='lat' dir='ltr'><strong>Sic</strong></span> <span class='ocrx_word' id='word_1_25' title='bbox 750 873 834 940; x_wconf 90' lang='lat' dir='ltr'><strong>enim</strong></span> <span class='ocrx_word' id='word_1_26' title='bbox 865 874 989 965; x_wconf 75' lang='lat' dir='ltr'><strong>pergite</strong></span> 
     </span>
    </p>
   </div>
   <div class='ocr_carea' id='block_1_4' title="bbox 32 988 1069 3699">
    <p class='ocr_par' dir='ltr' id='par_1_4' title="bbox 32 988 1069 2868">
     <span class='ocr_line' id='line_1_6' title="bbox 46 988 991 1086; baseline 0.002 -30"><span class='ocrx_word' id='word_1_27' title='bbox 46 1014 85 1086; x_wconf 76' lang='grc' dir='ltr'><strong>ι&gt;&gt;</strong></span> <span class='ocrx_word' id='word_1_28' title='bbox 107 988 373 1080; x_wconf 82' lang='lat' dir='ltr'><strong>quemadmodum</strong></span> <span class='ocrx_word' id='word_1_29' title='bbox 392 988 580 1075; x_wconf 90' lang='lat' dir='ltr'><strong>mediciest,</strong></span> <span class='ocrx_word' id='word_1_30' title='bbox 595 991 732 1082; x_wconf 87' lang='lat' dir='ltr'><strong>primum</strong></span> <span class='ocrx_word' id='word_1_31' title='bbox 743 989 991 1082; x_wconf 85' lang='lat' dir='ltr'><strong>persuadereae·</strong></span> 
     </span>
     <span class='ocr_line' id='line_1_7' title="bbox 57 1107 991 1196; baseline 0.003 -21"><span class='ocrx_word' id='word_1_32' title='bbox 57 1123 169 1196; x_wconf 81' lang='lat' dir='ltr'><strong>groto,</strong></span> <span class='ocrx_word' id='word_1_33' title='bbox 177 1125 212 1174; x_wconf 88' lang='lat' dir='ltr'><strong>ut</strong></span> <span class='ocrx_word' id='word_1_34' title='bbox 227 1107 299 1175; x_wconf 86' lang='lat' dir='ltr'><strong>velit</strong></span> <span class='ocrx_word' id='word_1_35' title='bbox 312 1107 474 1180; x_wconf 83' lang='lat' dir='ltr'><strong>admittere</strong></span> <span class='ocrx_word' id='word_1_36' title='bbox 494 1110 683 1195; x_wconf 83' lang='lat' dir='ltr'><strong>curationem</strong></span> <span class='ocrx_word' id='word_1_37' title='bbox 695 1159 706 1195; x_wconf 93' lang='lat'><strong>,</strong></span> <span class='ocrx_word' id='word_1_38' title='bbox 716 1107 830 1176; x_wconf 91' lang='lat' dir='ltr'><strong>deinde</strong></span> <span class='ocrx_word' id='word_1_39' title='bbox 842 1160 852 1195; x_wconf 92' lang='lat'><strong>,</strong></span> <span class='ocrx_word' id='word_1_40' title='bbox 865 1134 991 1196; x_wconf 88' lang='lat' dir='ltr'><strong>eorum,</strong></span> 
     </span>
     <span class='ocr_line' id='line_1_8' title="bbox 58 1226 989 1318; baseline 0.001 -23"><span class='ocrx_word' id='word_1_41' title='bbox 58 1228 118 1318; x_wconf 76' lang='lat' dir='ltr'><strong>qui</strong></span> <span class='ocrx_word' id='word_1_42' title='bbox 152 1229 301 1295; x_wconf 89' lang='lat' dir='ltr'><strong>contraria</strong></span> <span class='ocrx_word' id='word_1_43' title='bbox 330 1226 483 1312; x_wconf 87' lang='lat' dir='ltr'><strong>suadent,</strong></span> <span class='ocrx_word' id='word_1_44' title='bbox 529 1245 666 1297; x_wconf 90' lang='lat' dir='ltr'><strong>evertere</strong></span> <span class='ocrx_word' id='word_1_45' title='bbox 708 1246 909 1316; x_wconf 85' lang='lat' dir='ltr'><strong>argumenta,</strong></span> <span class='ocrx_word' id='word_1_46' title='bbox 943 1231 989 1297; x_wconf 87' lang='lat' dir='ltr'><strong>sie</strong></span> 
     </span>
     <span class='ocr_line' id='line_1_9' title="bbox 56 1331 992 1440; baseline 0.004 -28"><span class='ocrx_word' id='word_1_47' title='bbox 56 1345 239 1440; x_wconf 82' lang='lat' dir='ltr'><strong>philosophi</strong></span> <span class='ocrx_word' id='word_1_48' title='bbox 266 1331 402 1415; x_wconf 84' lang='lat' dir='ltr'><strong>officium</strong></span> <span class='ocrx_word' id='word_1_49' title='bbox 435 1346 649 1416; x_wconf 84' lang='lat' dir='ltr'><strong>adhortatione</strong></span> <span class='ocrx_word' id='word_1_50' title='bbox 686 1350 885 1434; x_wconf 85' lang='lat' dir='ltr'><strong>continetur,</strong></span> <span class='ocrx_word' id='word_1_51' title='bbox 928 1374 992 1440; x_wconf 85' lang='lat' dir='ltr'><strong>qua</strong></span> 
     </span>
     <span class='ocr_line' id='line_1_10' title="bbox 57 1465 989 1557; baseline 0.006 -27"><span class='ocrx_word' id='word_1_52' title='bbox 57 1466 131 1557; x_wconf 82' lang='lat' dir='ltr'><strong>quis</strong></span> <span class='ocrx_word' id='word_1_53' title='bbox 152 1465 193 1533; x_wconf 92' lang='lat' dir='ltr'><strong>ad</strong></span> <span class='ocrx_word' id='word_1_54' title='bbox 216 1468 362 1535; x_wconf 84' lang='lat' dir='ltr'><strong>virtutem</strong></span> <span class='ocrx_word' id='word_1_55' title='bbox 395 1468 569 1554; x_wconf 83' lang='lat' dir='ltr'><strong>instigatur.</strong></span> <span class='ocrx_word' id='word_1_56' title='bbox 613 1470 715 1556; x_wconf 90' lang='lat' dir='ltr'><strong>Hujus</strong></span> <span class='ocrx_word' id='word_1_57' title='bbox 746 1485 849 1538; x_wconf 88' lang='lat' dir='ltr'><strong>autem</strong></span> <span class='ocrx_word' id='word_1_58' title='bbox 869 1467 989 1536; x_wconf 85' lang='lat' dir='ltr'><strong>adhor-</strong></span> 
     </span>
     <span class='ocr_line' id='line_1_11' title="bbox 59 1584 988 1677; baseline 0.009 -28"><span class='ocrx_word' id='word_1_59' title='bbox 59 1585 179 1652; x_wconf 86' lang='lat' dir='ltr'><strong>tationis</strong></span> <span class='ocrx_word' id='word_1_60' title='bbox 207 1587 285 1652; x_wconf 90' lang='lat' dir='ltr'><strong>ratic</strong></span> <span class='ocrx_word' id='word_1_61' title='bbox 314 1584 452 1677; x_wconf 80' lang='lat' dir='ltr'><strong>duplex3</strong></span> <span class='ocrx_word' id='word_1_62' title='bbox 477 1612 550 1653; x_wconf 90' lang='lat' dir='ltr'><strong>nam</strong></span> <span class='ocrx_word' id='word_1_63' title='bbox 582 1587 630 1654; x_wconf 90' lang='lat' dir='ltr'><strong>vel</strong></span> <span class='ocrx_word' id='word_1_64' title='bbox 662 1587 836 1655; x_wconf 89' lang='lat' dir='ltr'><strong>ostenditur</strong></span> <span class='ocrx_word' id='word_1_65' title='bbox 855 1590 988 1657; x_wconf 85' lang='lat' dir='ltr'><strong>maxima</strong></span> 
     </span>
     <span class='ocr_line' id='line_1_12' title="bbox 56 1705 988 1798; baseline 0.002 -25"><span class='ocrx_word' id='word_1_66' title='bbox 56 1705 183 1788; x_wconf 80' lang='lat' dir='ltr'><strong>¹virtutis</strong></span> <span class='ocrx_word' id='word_1_67' title='bbox 210 1706 342 1790; x_wconf 86' lang='lat' dir='ltr'><strong>utilitas,</strong></span> <span class='ocrx_word' id='word_1_68' title='bbox 384 1706 433 1774; x_wconf 82' lang='lat' dir='ltr'><strong>vel</strong></span> <span class='ocrx_word' id='word_1_69' title='bbox 462 1723 670 1794; x_wconf 82' lang='lat' dir='ltr'><strong>coarguuntur</strong></span> <span class='ocrx_word' id='word_1_70' title='bbox 690 1709 732 1792; x_wconf 87' lang='lat' dir='ltr'><strong>ii,</strong></span> <span class='ocrx_word' id='word_1_71' title='bbox 773 1709 830 1798; x_wconf 89' lang='lat' dir='ltr'><strong>qui</strong></span> <span class='ocrx_word' id='word_1_72' title='bbox 857 1732 988 1798; x_wconf 86' lang='lat' dir='ltr'><strong>quoquo</strong></span> 
     </span>
     <span class='ocr_line' id='line_1_13' title="bbox 56 1822 989 1919; baseline 0 -27"><span class='ocrx_word' id='word_1_73' title='bbox 56 1822 155 1892; x_wconf 87' lang='lat' dir='ltr'><strong>modo</strong></span> <span class='ocrx_word' id='word_1_74' title='bbox 175 1824 405 1919; x_wconf 84' lang='lat' dir='ltr'><strong>philosophiam</strong></span> <span class='ocrx_word' id='word_1_75' title='bbox 437 1842 490 1890; x_wconf 90' lang='lat' dir='ltr'><strong>aut</strong></span> <span class='ocrx_word' id='word_1_76' title='bbox 519 1824 714 1906; x_wconf 83' lang='lat' dir='ltr'><strong>labefactare,</strong></span> <span class='ocrx_word' id='word_1_77' title='bbox 745 1841 799 1890; x_wconf 87' lang='lat' dir='ltr'><strong>aut</strong></span> <span class='ocrx_word' id='word_1_78' title='bbox 816 1840 989 1910; x_wconf 84' lang='lat' dir='ltr'><strong>accusare,</strong></span> 
     </span>
     <span class='ocr_line' id='line_1_14' title="bbox 54 1941 985 2030; baseline 0 -19"><span class='ocrx_word' id='word_1_79' title='bbox 54 1959 115 2021; x_wconf 82' lang='lat' dir='ltr'><strong>aut</strong></span> <span class='ocrx_word' id='word_1_80' title='bbox 142 1941 313 2012; x_wconf 86' lang='lat' dir='ltr'><strong>detrectare</strong></span> <span class='ocrx_word' id='word_1_81' title='bbox 338 1945 523 2011; x_wconf 82' lang='lat' dir='ltr'><strong>conantur.&#39;&#39;</strong></span> <span class='ocrx_word' id='word_1_82' title='bbox 568 1944 667 2030; x_wconf 87' lang='lat' dir='ltr'><strong>Cujus</strong></span> <span class='ocrx_word' id='word_1_83' title='bbox 683 1945 852 2009; x_wconf 84' lang='lat' dir='ltr'><strong>sententiae</strong></span> <span class='ocrx_word' id='word_1_84' title='bbox 873 1943 985 2011; x_wconf 92' lang='lat' dir='ltr'><strong>Philo-</strong></span> 
     </span>
     <span class='ocr_line' id='line_1_15' title="bbox 59 2060 986 2155; baseline -0.002 -25"><span class='ocrx_word' id='word_1_85' title='bbox 59 2065 188 2146; x_wconf 86' lang='lat' dir='ltr'><strong>nianae,</strong></span> <span class='ocrx_word' id='word_1_86' title='bbox 230 2065 265 2128; x_wconf 94' lang='lat' dir='ltr'><strong>in</strong></span> <span class='ocrx_word' id='word_1_87' title='bbox 297 2064 365 2155; x_wconf 91' lang='lat' dir='ltr'><strong>ipso</strong></span> <span class='ocrx_word' id='word_1_88' title='bbox 394 2061 573 2155; x_wconf 89' lang='lat' dir='ltr'><strong>disciplinae</strong></span> <span class='ocrx_word' id='word_1_89' title='bbox 608 2063 675 2150; x_wconf 90' lang='lat' dir='ltr'><strong>ejus</strong></span> <span class='ocrx_word' id='word_1_90' title='bbox 708 2060 834 2129; x_wconf 85' lang='lat' dir='ltr'><strong>exordio</strong></span> <span class='ocrx_word' id='word_1_91' title='bbox 863 2062 986 2147; x_wconf 86' lang='lat' dir='ltr'><strong>obviae,</strong></span> 
     </span>
     <span class='ocr_line' id='line_1_16' title="bbox 32 2177 986 2274; baseline -0.001 -24"><span class='ocrx_word' id='word_1_92' title='bbox 32 2183 140 2274; x_wconf 87' lang='lat' dir='ltr'><strong>quin</strong></span> <span class='ocrx_word' id='word_1_93' title='bbox 161 2181 301 2250; x_wconf 88' lang='lat' dir='ltr'><strong>Socrates</strong></span> <span class='ocrx_word' id='word_1_94' title='bbox 336 2179 502 2247; x_wconf 89' lang='lat' dir='ltr'><strong>habendus</strong></span> <span class='ocrx_word' id='word_1_95' title='bbox 532 2182 573 2246; x_wconf 90' lang='lat' dir='ltr'><strong>sit</strong></span> <span class='ocrx_word' id='word_1_96' title='bbox 603 2197 731 2264; x_wconf 91' lang='lat' dir='ltr'><strong>auctor,</strong></span> <span class='ocrx_word' id='word_1_97' title='bbox 765 2177 864 2247; x_wconf 91' lang='lat' dir='ltr'><strong>dubio</strong></span> <span class='ocrx_word' id='word_1_98' title='bbox 890 2196 986 2263; x_wconf 82' lang='lat' dir='ltr'><strong>vacat.</strong></span> 
     </span>
     <span class='ocr_line' id='line_1_17' title="bbox 54 2297 987 2389; baseline -0.005 -20"><span class='ocrx_word' id='word_1_99' title='bbox 54 2303 139 2382; x_wconf 74' lang='lat' dir='ltr'><strong>Nem</strong></span> <span class='ocrx_word' id='word_1_100' title='bbox 167 2302 223 2367; x_wconf 88' lang='lat' dir='ltr'><strong>etsi</strong></span> <span class='ocrx_word' id='word_1_101' title='bbox 244 2300 382 2384; x_wconf 85' lang='lat' dir='ltr'><strong>fuerint,</strong></span> <span class='ocrx_word' id='word_1_102' title='bbox 414 2301 471 2389; x_wconf 90' lang='lat' dir='ltr'><strong>qui</strong></span> <span class='ocrx_word' id='word_1_103' title='bbox 505 2324 578 2366; x_wconf 92' lang='lat' dir='ltr'><strong>eum</strong></span> <span class='ocrx_word' id='word_1_104' title='bbox 608 2297 833 2367; x_wconf 84' lang='lat' dir='ltr'><strong>contenderent</strong></span> <span class='ocrx_word' id='word_1_105' title='bbox 856 2299 987 2386; x_wconf 82' lang='lat' dir='ltr'><strong>ingeniis</strong></span> 
     </span>
     <span class='ocr_line' id='line_1_18' title="bbox 56 2417 987 2508; baseline -0.006 -20"><span class='ocrx_word' id='word_1_106' title='bbox 56 2417 175 2488; x_wconf 82' lang='lat' dir='ltr'><strong>alendis</strong></span> <span class='ocrx_word' id='word_1_107' title='bbox 197 2421 300 2502; x_wconf 87' lang='lat' dir='ltr'><strong>minus</strong></span> <span class='ocrx_word' id='word_1_108' title='bbox 330 2443 393 2499; x_wconf 79' lang='lat' dir='ltr'><strong>csse</strong></span> <span class='ocrx_word' id='word_1_109' title='bbox 423 2418 593 2503; x_wconf 82' lang='lat' dir='ltr'><strong>idoneum,</strong></span> <span class='ocrx_word' id='word_1_110' title='bbox 615 2436 740 2501; x_wconf 89' lang='lat' dir='ltr'><strong>tamen,</strong></span> <span class='ocrx_word' id='word_1_111' title='bbox 772 2420 830 2508; x_wconf 89' lang='lat' dir='ltr'><strong>qui</strong></span> <span class='ocrx_word' id='word_1_112' title='bbox 859 2436 987 2495; x_wconf 90' lang='lat' dir='ltr'><strong>naturae</strong></span> 
     </span>
     <span class='ocr_line' id='line_1_19' title="bbox 57 2540 990 2624; baseline -0.006 -14"><span class='ocrx_word' id='word_1_113' title='bbox 57 2542 122 2610; x_wconf 76' lang='lat' dir='ltr'><strong>vim</strong></span> <span class='ocrx_word' id='word_1_114' title='bbox 142 2541 265 2606; x_wconf 86' lang='lat' dir='ltr'><strong>insitam</strong></span> <span class='ocrx_word' id='word_1_115' title='bbox 285 2541 325 2604; x_wconf 90' lang='lat' dir='ltr'><strong>ab</strong></span> <span class='ocrx_word' id='word_1_116' title='bbox 346 2563 382 2605; x_wconf 93' lang='lat' dir='ltr'><strong>eo</strong></span> <span class='ocrx_word' id='word_1_117' title='bbox 402 2540 564 2606; x_wconf 83' lang='lat' dir='ltr'><strong>excitatam</strong></span> <span class='ocrx_word' id='word_1_118' title='bbox 583 2554 731 2624; x_wconf 84' lang='lat' dir='ltr'><strong>negarent</strong></span> <span class='ocrx_word' id='word_1_119' title='bbox 740 2575 755 2620; x_wconf 89' lang='lat'><strong>‚·</strong></span> <span class='ocrx_word' id='word_1_120' title='bbox 772 2540 916 2606; x_wconf 88' lang='lat' dir='ltr'><strong>inventus</strong></span> <span class='ocrx_word' id='word_1_121' title='bbox 943 2554 990 2604; x_wconf 91' lang='lat' dir='ltr'><strong>est</strong></span> 
     </span>
     <span class='ocr_line' id='line_1_20' title="bbox 56 2654 1069 2749; baseline 0.001 -22"><span class='ocrx_word' id='word_1_122' title='bbox 56 2684 159 2728; x_wconf 87' lang='lat' dir='ltr'><strong>nemo.</strong></span> <span class='ocrx_word' id='word_1_123' title='bbox 203 2658 288 2725; x_wconf 72' lang='lat' dir='ltr'><strong>Mira</strong></span> <span class='ocrx_word' id='word_1_124' title='bbox 312 2658 433 2749; x_wconf 89' lang='lat' dir='ltr'><strong>quippe</strong></span> <span class='ocrx_word' id='word_1_125' title='bbox 450 2656 569 2723; x_wconf 89' lang='lat' dir='ltr'><strong>valebat</strong></span> <span class='ocrx_word' id='word_1_126' title='bbox 592 2654 762 2739; x_wconf 87' lang='lat' dir='ltr'><strong>incitandi,</strong></span> <span class='ocrx_word' id='word_1_127' title='bbox 782 2658 844 2726; x_wconf 63' lang='grc' dir='ltr'><strong>’τοῦ</strong></span> <span class='ocrx_word' id='word_1_128' title='bbox 868 2660 987 2743; x_wconf 68' lang='lat' dir='ltr'><strong>rporal-</strong></span> <span class='ocrx_word' id='word_1_129' title='bbox 1067 2738 1069 2743; x_wconf 43' lang='grc'>,</span> 
     </span>
     <span class='ocr_line' id='line_1_21' title="bbox 56 2772 1030 2868; baseline -0.011 -16"><span class='ocrx_word' id='word_1_130' title='bbox 56 2786 183 2861; x_wconf 64' lang='lat' dir='ltr'><strong>amiur,</strong></span> <span class='ocrx_word' id='word_1_131' title='bbox 204 2777 369 2862; x_wconf 67' lang='lat' dir='ltr'><strong>facultate,</strong></span> <span class='ocrx_word' id='word_1_132' title='bbox 395 2803 456 2867; x_wconf 86' lang='lat' dir='ltr'><strong>qua</strong></span> <span class='ocrx_word' id='word_1_133' title='bbox 476 2802 576 2867; x_wconf 91' lang='lat' dir='ltr'><strong>quum</strong></span> <span class='ocrx_word' id='word_1_134' title='bbox 594 2776 773 2868; x_wconf 89' lang='lat' dir='ltr'><strong>praesertim</strong></span> <span class='ocrx_word' id='word_1_135' title='bbox 800 2772 885 2866; x_wconf 88' lang='lat' dir='ltr'><strong>apud</strong></span> <span class='ocrx_word' id='word_1_136' title='bbox 906 2772 986 2841; x_wconf 89' lang='lat' dir='ltr'><strong>ado·</strong></span> <span class='ocrx_word' id='word_1_137' title='bbox 1027 2845 1030 2849; x_wconf 60' lang='grc'><strong><em>,</em></strong></span> 
     </span>
    </p>

    <p class='ocr_par' dir='ltr' id='par_1_5' title="bbox 55 2891 1065 3699">
     <span class='ocr_line' id='line_1_22' title="bbox 58 2891 985 2986; baseline -0.006 -22"><span class='ocrx_word' id='word_1_138' title='bbox 58 2895 205 2964; x_wconf 88' lang='lat' dir='ltr'><strong>lescentes</strong></span> <span class='ocrx_word' id='word_1_139' title='bbox 223 2911 381 2979; x_wconf 82' lang='lat' dir='ltr'><strong>uteretur,</strong></span> <span class='ocrx_word' id='word_1_140' title='bbox 415 2912 509 2961; x_wconf 88' lang='lat' dir='ltr'><strong>aetate</strong></span> <span class='ocrx_word' id='word_1_141' title='bbox 531 2897 594 2986; x_wconf 90' lang='lat' dir='ltr'><strong>ipsa</strong></span> <span class='ocrx_word' id='word_1_142' title='bbox 618 2893 772 2978; x_wconf 81' lang='lat' dir='ltr'><strong>fervidos,</strong></span> <span class='ocrx_word' id='word_1_143' title='bbox 794 2901 930 2959; x_wconf 88' lang='lat' dir='ltr'><strong>amorem</strong></span> <span class='ocrx_word' id='word_1_144' title='bbox 949 2891 985 2958; x_wconf 86' lang='lat' dir='ltr'><strong>iu</strong></span> 
     </span>
     <span class='ocr_line' id='line_1_23' title="bbox 56 3012 985 3106; baseline -0.008 -23"><span class='ocrx_word' id='word_1_145' title='bbox 56 3017 92 3083; x_wconf 90' lang='lat' dir='ltr'><strong>iis</strong></span> <span class='ocrx_word' id='word_1_146' title='bbox 128 3017 273 3099; x_wconf 82' lang='lat' dir='ltr'><strong>virtutis,</strong></span> <span class='ocrx_word' id='word_1_147' title='bbox 305 3041 400 3106; x_wconf 88' lang='lat' dir='ltr'><strong>quam</strong></span> <span class='ocrx_word' id='word_1_148' title='bbox 427 3014 643 3082; x_wconf 87' lang='lat' dir='ltr'><strong>commendare</strong></span> <span class='ocrx_word' id='word_1_149' title='bbox 670 3013 801 3097; x_wconf 89' lang='lat' dir='ltr'><strong>solebat,</strong></span> <span class='ocrx_word' id='word_1_150' title='bbox 832 3012 985 3080; x_wconf 84' lang='lat' dir='ltr'><strong>excitabat</strong></span> 
     </span>
     <span class='ocr_line' id='line_1_24' title="bbox 55 3130 982 3216; baseline -0.005 -13"><span class='ocrx_word' id='word_1_151' title='bbox 55 3135 355 3204; x_wconf 75' lang='lat' dir='ltr'><strong>vehementissimum</strong></span> <span class='ocrx_word' id='word_1_152' title='bbox 377 3135 415 3202; x_wconf 80' lang='lat'><strong>¹).</strong></span> <span class='ocrx_word' id='word_1_153' title='bbox 460 3133 523 3200; x_wconf 88' lang='lat' dir='ltr'><strong>Sed</strong></span> <span class='ocrx_word' id='word_1_154' title='bbox 557 3134 709 3201; x_wconf 89' lang='lat' dir='ltr'><strong>efficiebat</strong></span> <span class='ocrx_word' id='word_1_155' title='bbox 729 3131 835 3216; x_wconf 89' lang='lat' dir='ltr'><strong>idem,</strong></span> <span class='ocrx_word' id='word_1_156' title='bbox 856 3147 894 3196; x_wconf 92' lang='lat' dir='ltr'><strong>ut</strong></span> <span class='ocrx_word' id='word_1_157' title='bbox 914 3130 982 3198; x_wconf 84' lang='lat' dir='ltr'><strong>vir·</strong></span> 
     </span>
     <span class='ocr_line' id='line_1_25' title="bbox 57 3240 1065 3344; baseline -0.005 -24"><span class='ocrx_word' id='word_1_158' title='bbox 57 3269 156 3321; x_wconf 88' lang='lat' dir='ltr'><strong>tutem</strong></span> <span class='ocrx_word' id='word_1_159' title='bbox 185 3255 332 3344; x_wconf 87' lang='lat' dir='ltr'><strong>consequi</strong></span> <span class='ocrx_word' id='word_1_160' title='bbox 359 3270 492 3319; x_wconf 87' lang='lat' dir='ltr'><strong>amantes</strong></span> <span class='ocrx_word' id='word_1_161' title='bbox 513 3255 549 3318; x_wconf 90' lang='lat' dir='ltr'><strong>in</strong></span> <span class='ocrx_word' id='word_1_162' title='bbox 569 3255 635 3344; x_wconf 89' lang='lat' dir='ltr'><strong>ipsa</strong></span> <span class='ocrx_word' id='word_1_163' title='bbox 667 3255 716 3320; x_wconf 85' lang='lat' dir='ltr'><strong>via</strong></span> <span class='ocrx_word' id='word_1_164' title='bbox 747 3276 813 3319; x_wconf 89' lang='lat' dir='ltr'><strong>nou</strong></span> <span class='ocrx_word' id='word_1_165' title='bbox 842 3249 985 3316; x_wconf 89' lang='lat' dir='ltr'><strong>deterre·</strong></span> <span class='ocrx_word' id='word_1_166' title='bbox 1064 3240 1065 3244; x_wconf 25' lang='lat'>¹</span> 
     </span>
     <span class='ocr_line' id='line_1_26' title="bbox 56 3366 984 3464; baseline -0.006 -26"><span class='ocrx_word' id='word_1_167' title='bbox 56 3389 166 3438; x_wconf 82' lang='lat' dir='ltr'><strong>rentur</strong></span> <span class='ocrx_word' id='word_1_168' title='bbox 187 3370 353 3439; x_wconf 84' lang='lat' dir='ltr'><strong>laboribus.</strong></span> <span class='ocrx_word' id='word_1_169' title='bbox 396 3372 599 3464; x_wconf 82' lang='lat' dir='ltr'><strong>Quapropter</strong></span> <span class='ocrx_word' id='word_1_170' title='bbox 636 3369 771 3439; x_wconf 88' lang='lat' dir='ltr'><strong>docendi</strong></span> <span class='ocrx_word' id='word_1_171' title='bbox 800 3384 889 3434; x_wconf 87' lang='lat' dir='ltr'><strong>erant</strong></span> <span class='ocrx_word' id='word_1_172' title='bbox 920 3366 984 3449; x_wconf 90' lang='lat' dir='ltr'><strong>illi,</strong></span> 
     </span>
     <span class='ocr_line' id='line_1_27' title="bbox 57 3486 986 3588; baseline -0.004 -30"><span class='ocrx_word' id='word_1_173' title='bbox 57 3488 214 3583; x_wconf 87' lang='lat' dir='ltr'><strong>quomodo</strong></span> <span class='ocrx_word' id='word_1_174' title='bbox 248 3492 363 3557; x_wconf 84' lang='lat' dir='ltr'><strong>morbis</strong></span> <span class='ocrx_word' id='word_1_175' title='bbox 392 3491 589 3575; x_wconf 80' lang='lat' dir='ltr'><strong>laborarent,</strong></span> <span class='ocrx_word' id='word_1_176' title='bbox 621 3505 658 3555; x_wconf 92' lang='lat' dir='ltr'><strong>ut</strong></span> <span class='ocrx_word' id='word_1_177' title='bbox 687 3486 810 3588; x_wconf 67' lang='lat' dir='ltr'><strong>pudore</strong></span> <span class='ocrx_word' id='word_1_178' title='bbox 850 3488 986 3573; x_wconf 85' lang='lat' dir='ltr'><strong>ingenuo</strong></span> 
     </span>
     <span class='ocr_line' id='line_1_28' title="bbox 56 3605 984 3699; baseline 0 -27"><span class='ocrx_word' id='word_1_179' title='bbox 56 3608 158 3674; x_wconf 85' lang='lat' dir='ltr'><strong>suffusi</strong></span> <span class='ocrx_word' id='word_1_180' title='bbox 189 3605 393 3694; x_wconf 84' lang='lat' dir='ltr'><strong>indigentiam</strong></span> <span class='ocrx_word' id='word_1_181' title='bbox 425 3611 459 3674; x_wconf 90' lang='lat' dir='ltr'><strong>in</strong></span> <span class='ocrx_word' id='word_1_182' title='bbox 484 3609 592 3674; x_wconf 85' lang='lat' dir='ltr'><strong>animis</strong></span> <span class='ocrx_word' id='word_1_183' title='bbox 621 3610 836 3699; x_wconf 83' lang='lat' dir='ltr'><strong>experirentur</strong></span> <span class='ocrx_word' id='word_1_184' title='bbox 861 3631 898 3674; x_wconf 93' lang='lat' dir='ltr'><strong>ac</strong></span> <span class='ocrx_word' id='word_1_185' title='bbox 914 3629 984 3672; x_wconf 87' lang='lat' dir='ltr'><strong>me-</strong></span> 
     </span>
    </p>
   </div>
   <div class='ocr_carea' id='block_1_5' title="bbox 89 3846 645 3918">
    <p class='ocr_par' dir='ltr' id='par_1_6' title="bbox 89 3846 645 3918">
     <span class='ocr_line' id='line_1_29' title="bbox 89 3846 645 3918; baseline -0.005 -16"><span class='ocrx_word' id='word_1_186' title='bbox 89 3849 116 3918; x_wconf 83' lang='lat' dir='ltr'><strong>t)</strong></span> <span class='ocrx_word' id='word_1_187' title='bbox 135 3848 228 3904; x_wconf 80' lang='lat' dir='ltr'><strong>Initia.</strong></span> <span class='ocrx_word' id='word_1_188' title='bbox 248 3846 315 3903; x_wconf 74' lang='lat' dir='ltr'><strong>vat.</strong></span> <span class='ocrx_word' id='word_1_189' title='bbox 340 3849 380 3903; x_wconf 87' lang='lat'><strong>11.</strong></span> <span class='ocrx_word' id='word_1_190' title='bbox 399 3849 429 3901; x_wconf 86' lang='lat' dir='ltr'><strong>P.</strong></span> <span class='ocrx_word' id='word_1_191' title='bbox 451 3848 475 3901; x_wconf 93' lang='lat'><strong>1.</strong></span> <span class='ocrx_word' id='word_1_192' title='bbox 494 3865 521 3917; x_wconf 77' lang='lat' dir='ltr'><strong>p.</strong></span> <span class='ocrx_word' id='word_1_193' title='bbox 542 3848 586 3904; x_wconf 61' lang='lat' dir='ltr'><strong>fila</strong></span> <span class='ocrx_word' id='word_1_194' title='bbox 602 3847 645 3901; x_wconf 85' lang='grc'><strong>68.</strong></span> 
     </span>
    </p>
   </div>
   <div class='ocr_carea' id='block_1_6' title="bbox 0 0 1272 4724">
    <p class='ocr_par' dir='ltr' id='par_1_7' title="bbox 0 0 1272 4724">
     <span class='ocr_line' id='line_1_30' title="bbox 0 0 1272 4724; baseline 0 0"><span class='ocrx_word' id='word_1_195' title='bbox 0 0 1272 4724; x_wconf 95' lang='lat' dir='ltr'><strong> </strong></span> 
     </span>
    </p>
   </div>
  </div>
 </body>
</html>
