2536 4724
710 389 753 459 70

272 570 471 642 Oeconomici
491 567 698 648 mentionem,
710 561 821 630 diserte
839 562 924 655 ipse,
945 559 981 622 in
1000 555 1121 646 quibus
1136 564 1201 644 pm

273 692 422 758 tissimum
451 689 575 757 Graecis
595 681 750 755 vertendis
778 678 984 772 scriptoribus
1000 669 1203 740 elaboraverit

269 808 467 892 adolescens,
489 808 652 873 memoriae
677 801 843 869 mandavit.
888 797 1051 865 Platonem
1072 793 1204 884 quidem

276 926 424 997 nondum
436 925 561 996 videtur
576 926 733 1010 cogitasse3
759 940 860 1011 neque
875 919 959 983 enim
973 913 1207 1007 philosophiam

275 1048 439 1134 attigerate
484 1042 538 1119 sed
570 1045 752 1125 Isocratem,
786 1039 976 1105 Demetrium
995 1035 1207 1119 Phalericum,

278 1162 492 1248 Dinarchum,
514 1164 735 1253 inprimisque
754 1158 941 1228 Aeschinem
964 1172 996 1222 et
1018 1142 1210 1222 Demosthe·

280 1305 356 1348 nem
372 1298 404 1347 et
419 1281 520 1368 legisse
538 1297 677 1348 accurate
695 1296 726 1346 et
743 1296 862 1347 vertere
879 1275 1028 1343 studuisse
1049 1272 1211 1368 putandus

274 1415 340 1467 est.
382 1399 432 1466 Ac
452 1397 543 1467 video
560 1394 693 1489 quidem
716 1397 867 1482 dubitari,
890 1412 998 1462 utrum
1019 1392 1209 1470 Demosthe-

283 1519 341 1586 nis·
355 1534 450 1609 atque
476 1517 638 1586 Aeschinis
657 1520 806 1585 orationes
833 1516 1055 1598 nobilissimas,
1072 1515 1212 1584 turer-se

286 1641 471 1721 soumarias,
487 1640 612 1726 juvenis
628 1640 811 1705 converterit
832 1639 959 1720 Latine,
981 1660 1022 1703 an
1034 1618 1133 1701 aetate
1150 1636 1214 1723 jan

286 1757 462 1848 provectior
485 1760 524 1824 ¹).
566 1754 630 1824 Sed
653 1754 831 1844 negandum
863 1755 1004 1840 videtur,-
1031 1738 1214 1822 adolescen-

288 1878 346 1944 tiae
375 1876 437 1943 hoc
469 1878 536 1964 ejus
564 1901 644 1969 opus
675 1901 760 1962 esse,
803 1873 896 1966 quod¹
923 1876 992 1941 satis
1020 1898 1038 1940 e
1065 1873 1156 1942 libro
1177 1871 1216 1940 de

288 2001 407 2088 optimo
430 2019 553 2087 genem
584 1996 780 2079 Oratorem,
827 2018 922 2087 quem
942 1995 1094 2086 prooemii
1110 1995 1219 2060 ‹insui-

289 2115 422 2184 versioni
453 2136 524 2179 suae
552 2114 731 2204 praemisit,
761 2129 899 2204 apparet.
941 2113 1026 2178 Dicit
1046 2112 1134 2177 enim
1155 2100 1219 2196 ihi,

280 2234 457 2324 ¹suscepisse
478 2256 509 2298 so
523 2231 678 2316 laborem,
700 2231 807 2298 utilem
828 2230 989 2316 studiosis,
1011 2232 1071 2296 sibi
1091 2229 1223 2323 qaddem

293 2352 354 2442 ipsi
373 2374 438 2418 non
459 2344 681 2437 necessarium3
704 2375 764 2418 nec
789 2354 971 2420 convertisse
999 2367 1035 2417 ut
1057 2352 1221 2444 interpre-

294 2486 378 2554 tem,
410 2468 465 2537 sed
495 2485 532 2535 ut
559 2487 719 2538 oratorem.
763 2471 860 2561 Quod
881 2473 907 2536 si
924 2472 1098 2559 juventutis
1117 2470 1225 2538 fuisset

295 2590 484 2683 periculum,
505 2605 610 2681 postea
621 2592 660 2656 ab
672 2614 708 2658 eo
716 2591 901 2682 expolitum,
925 2616 959 2657 ac
971 2590 1132 2676 limatum,
1158 2614 1224 2659 non

296 2711 479 2794 reticuisset,
502 2708 575 2794 sed,
598 2726 633 2776 ut
653 2710 726 2777 fecit
739 2709 778 2775 de
788 2713 996 2777 Oeconomico
1016 2711 1224 2805 Xenophon·

298 2845 370 2914 teo,
392 2846 585 2911 memorasset
606 2853 695 2915 rem,
720 2832 847 2896 minime
869 2855 903 2895 ea
926 2847 1022 2895 aetate
1049 2829 1227 2918 indigenam.

298 2946 468 3039 Quidquid
486 2965 550 3033 est,
572 2948 648 3015 haec
667 2948 824 3016 scribendi
843 2932 1015 3036 diligentia,
1049 2949 1229 3018 haecassi-

298 3066 363 3136 dua
389 3068 552 3159 explicatio
574 3084 606 3134 et
632 3070 771 3136 tractatio
800 3071 991 3137 Graecorum
1012 3070 1228 3162 scriptorum,

337 3263 364 3333 ι)
384 3260 519 3314 Corradus
536 3277 563 3326 p.
581 3259 623 3312 56.
641 3270 667 3314 et
683 3261 746 3315 266:
760 3261 794 3314 L.
813 3262 941 3315 Aretiuus
958 3263 1052 3332 Epist.
1070 3259 1089 3311 1.
1108 3259 1180 3313 vn.
1198 3261 1225 3314 4.

303 3349 397 3405 Vertit
412 3349 453 3414 ia,
483 3356 555 3401 certe
566 3351 686 3402 'vertisse
702 3368 729 3400 se
746 3350 884 3403 affirmavit
905 3357 1045 3416 utramque
1066 3348 1226 3401 orationem·

303 3438 360 3492 sed
377 3440 457 3492 fidem
469 3440 493 3490 ei
509 3457 563 3492 non
580 3439 732 3491 habueruut
748 3440 886 3508 aequales,
907 3447 935 3490 ut
952 3457 984 3490 cx
996 3439 1120 3505 Epistola
1131 3428 1225 3505 petel,

305 3529 484 3601 auspicatique
501 3537 579 3592 aaut,
598 3531 715 3581 furatum
732 3547 791 3579 eum
808 3546 822 3578 a
840 3528 969 3581 Cicerone
992 3531 1226 3582 versionemesse.
1249 3560 1252 3570 ·

307 3616 374 3668 Cum
398 3626 484 3669 enatet
509 3619 556 3668 itta
579 3621 686 3683 versio,
718 3619 828 3669 Basilice
851 3619 922 3686 typis
945 3636 1070 3684 expressa
1099 3637 1123 3670 a.
1149 3616 1225 3673 1528.

307 3720 407 3772 operae.
420 3711 534 3774 pretium
552 3717 640 3773 esset,
658 3728 749 3763 verum
766 3709 794 3759 iu
813 3726 841 3758 re
859 3709 940 3760 dubia
958 3694 1110 3779 anquirere.
1128 3734 1156 3747 ··
1172 3709 1223 3762 cu.

307 3794 485 3864 Hieronymus
507 3800 601 3868 Epist.
619 3799 657 3848 ad
670 3798 880 3859 Pammachium
897 3797 930 3851 de
947 3799 1015 3868 Opt.
1033 3799 1104 3853 Gen.
1121 3798 1222 3866 Interp.

296 3889 335 3954 γε
352 3883 419 3959 724·⁴
430 3893 458 3938 ct
478 3883 586 3940 scholia
603 3887 636 3937 ad
655 3887 681 3938 h·
705 3886 726 3939 Ι.
