2536 4724
611 400 673 469 tto

170 577 282 644 hibens
326 574 534 657 describitur,
572 570 696 640 videtur
725 570 876 639 illustrare
911 587 1040 640 concurs
1067 568 1103 640 ι1.

168 696 259 786 Quae
288 720 388 786 quum
422 694 483 786 ipsi
516 709 669 760 constaret
693 689 733 758 de
759 689 958 758 facultatibus
992 689 1101 775 animi,

171 839 247 905 quas
258 825 379 904 partos
400 812 553 905 appellare
572 811 694 879 nolebat
718 812 771 894 2),
793 813 965 895 sententia,
989 835 1028 876 ex
1047 809 1100 886 hac

171 951 297 1001 naturae
331 933 483 998 humanae
516 933 689 1016 cognitione
715 953 864 1014 omnem,
886 954 951 1020 qua
966 928 1028 996 late
1043 954 1098 1022 pa·

169 1054 277 1137 tebet,
309 1051 430 1118 moralis
458 1049 672 1143 philosophiae
704 1047 901 1142 disciplinam
928 1052 1029 1136 iia-m
1067 1055 1097 1120 ἔκ

168 1182 242 1256 μιᾶς
273 1177 406 1257 μηρίνθου
429 1177 560 1241 δεδέσθαι
590 1167 730 1236 docebat.
798 1169 1004 1235 Pertinebant
1033 1189 1099 1254 ergo

167 1290 232 1357 huc
254 1290 444 1381 quaestiones
466 1286 506 1354 de
534 1291 624 1355 honis
649 1305 680 1354 et
710 1287 816 1372 malis,
839 1286 879 1354 de
911 1286 978 1353 fine
999 1289 1097 1355 bono·

169 1435 242 1477 rum
263 1426 294 1475 et
315 1408 354 1475 de
377 1409 553 1513 virtutibus.
606 1410 645 1474 In
669 1409 784 1499 quibus
808 1405 962 1475 solvendis
984 1407 1099 1498 quasit

169 1525 325 1614 diligentia
353 1551 445 1612 usus,
469 1528 597 1594 omuino
623 1552 689 1594 non
711 1544 840 1595 constat.
875 1529 1000 1594 Locum
1028 1526 1099 1617 qui·

170 1645 244 1713 dem
272 1645 313 1713 de
335 1649 503 1715 virtutibus
532 1647 618 1713 aliter
641 1664 736 1737 atque
761 1649 922 1715 Panaetius
948 1648 1098 1744 unctavit,

168 1790 234 1833 non
264 1767 445 1860 bipartitam
473 1765 527 1833 sed
568 1766 828 1861 quadripartitam
857 1792 964 1835 earum
991 1767 1100 1836 iaciens

171 1884 440 1972 distributionem,
457 1905 493 1953 ut
510 1905 611 1954 essent
630 1887 821 1980 prudentia,
841 1885 996 1954 fortitudo
1009 1935 1019 1971 ,
1028 1888 1097 1974 jus-

169 2008 256 2091 titia,
281 2009 507 2100 temperantia,
532 2007 566 2073 iu
590 2008 652 2074 hoc
677 2032 805 2099 quoque
822 2008 943 2075 Platoni
964 2007 1100 2095 maglano

169 2128 366 2193 consentiens
395 2125 436 2191 3).

213 2244 297 2308 Haec
319 2240 449 2332 quidem
466 2242 527 2308 fuit
547 2243 703 2311 Posidonii
722 2244 940 2338 philosophia,
963 2270 1099 2335 magnam

167 2376 290 2450 partem
310 2361 483 2427 Platonicae
505 2388 600 2452 quam
621 2364 740 2434 Stoicae
759 2354 885 2434 similior
907 2366 950 2435 4).
996 2368 1099 2436 Talem

169 2503 241 2548 eum
266 2480 376 2548 Cicero
398 2478 503 2548 Rhodi
524 2499 556 2553 et
571 2480 775 2555 disserentem
795 2488 829 2552 in
852 2486 959 2556 schola
987 2505 1021 2557 et
1040 2486 1097 2557 do·

169 2680 496 2691 mamus—m..-

206 2799 233 2866 ι)
254 2797 375 2851 Galenus
386 2797 440 2865 Op.
459 2798 478 2850 l.
497 2796 534 2851 V.
553 2817 581 2865 p.
595 2816 656 2867 292.
673 2799 716 2852 23.
734 2796 833 2852 ssakius
854 2818 881 2866 p.
899 2819 961 2871 229.
996 2804 1025 2875 α)
1045 2800 1107 2856 (ia-¹

170 2886 247 2939 lenus
273 2888 331 2940 eod.
351 2890 370 2938 1.
398 2907 425 2954 p.
451 2889 510 2958 ²95·
533 2907 558 2958 9.
579 2887 676 2939 Baiias
692 2907 719 2954 p.
751 2907 809 2958 ¹99·
861 2891 889 2957 ὅ)
911 2892 992 2960 Diog.
1011 2892 1098 2945 Laeni.

171 2975 299 3047 V11.92.
320 2976 416 3029 Bakius
433 2997 461 3043 p.
480 2980 538 3046 189.
557 2995 617 3045 sqq.
671 2977 701 3046 4)
722 2976 841 3031 Videtur
856 2978 902 3033 hic
920 2982 1097 3045 mouendum,

173 3065 346 3120 Posidonium
368 3067 397 3118 in
426 3067 563 3117 nonnullis
591 3068 697 3132 placitis
727 3067 756 3118 id
784 3086 859 3136 agere
889 3071 1044 3135 studuisse,
1072 3077 1100 3124 ut

171 3157 263 3209 Stoam
279 3159 413 3228 antiquam
427 3193 435 3220 ‚
449 3175 516 3225 quae
533 3174 546 3205 a
567 3156 679 3208 Platone
697 3177 789 3210 revera
807 3160 975 3213 dissensisset
988 3199 996 3226 ,
1009 3162 1099 3215 conci-

170 3247 251 3298 liaret
283 3265 344 3299 cum
369 3250 429 3314 ejus
451 3246 604 3312 disciplina.
640 3244 722 3316 Quod
746 3250 835 3316 attigit
860 3248 982 3303 Galenus
1000 3251 1054 3320 Op.
1080 3251 1099 3304 b

171 3343 224 3399 1v.
244 3363 270 3412 p.
286 3363 346 3415 279·
364 3344 418 3396 352
438 3342 473 3401 ‘0
500 3349 551 3413 μὲν
574 3339 620 3401 οὖν
633 3343 816 3413 Ποσειδώνιος
839 3372 887 3388 -
905 3353 1042 3420 πειρᾶται
1062 3351 1098 3419 μὶ

170 3439 252 3511 μόνον
274 3439 378 3499 &auria
391 3442 456 3508 τοῖς
480 3443 700 3509 Πλατωνικοῖς,
721 3440 806 3500 tibuit
826 3445 875 3501 aaz
902 3446 953 3502 'riu
976 3443 1098 3505 Karseis

170 3537 282 3601 Ζήνωνα
310 3539 471 3612 προσάγειν,
492 3539 701 3591 Memoravimus
713 3538 742 3589 id
756 3577 763 3604 ,
775 3542 902 3608 quoniam
915 3543 1017 3607 pariter
1034 3539 1098 3592 Phi·

170 3627 199 3678 lo
220 3637 360 3697 utramque
377 3630 546 3682 Academiam
560 3665 568 3690 ‚
582 3646 640 3679 cum
652 3636 774 3680 vetarem
787 3637 844 3681 tum
863 3646 959 3682 novam
973 3667 981 3694 ,
994 3639 1021 3682 at
1035 3646 1096 3684 vcro

172 3717 323 3770 Antiochus
347 3726 466 3772 veterem
497 3719 667 3771 Academiam
697 3725 724 3768 et
756 3718 850 3770 Stoam
878 3721 907 3770 iu
931 3721 1096 3774 concordiam

169 3794 290 3874 redigere
315 3807 471 3861 voluerunt.
505 3810 556 3865 eff.
578 3807 611 3859 de
630 3807 775 3860 Posidonio
794 3809 869 3880 Krug
888 3809 944 3880 op.
959 3813 980 3867 1.
995 3829 1022 3881 p.
1036 3813 1093 3883 569·

170 3893 259 3949 tritor
275 3896 330 3964 Op.
348 3896 368 3949 Ι.
387 3903 408 3952 t.
427 3895 484 3951 111.
501 3915 529 3965 p.
547 3898 607 3952 684.
625 3915 686 3967 sqq.
