2536 4724
402 921 635 1026 canor
679 926 759 1022 ui.

340 1207 373 1254 r.
396 1168 498 1259 mm
518 1204 676 1255 crcraorrs
698 1168 828 1279 scaren

405 1323 438 1374 rr
459 1325 564 1376 rmtsss
584 1289 749 1378 oraroau.

472 1510 650 1549 '‘0'-

222 1657 273 1726 Ab
292 1631 383 1726 nnnc
404 1638 527 1726 aetatis
549 1662 711 1725 tricesimo
732 1637 935 1725 adsertam
1037 1637 1039 1643 ¹

404 1787 438 1845 et
456 1777 752 1870 quadragesimum.

422 1950 722 2000 ψ

153 2085 281 2194 Venio
306 2112 398 2187 ¹‘num
423 2117 464 2185 ad
488 2117 603 2186 ¹locum
624 2114 856 2206 gravissimum,
889 2113 930 2184 ad
952 2138 1048 2210 quem
1136 2207 1137 2210 Ἴ

129 2234 411 2306 contractandum
432 2239 532 2306 omnis
555 2261 611 2304 nos
633 2226 773 2329 superior
798 2236 1001 2328 disquisitio
991 2236 1046 2304 m'·

129 2357 253 2423 traxisse
272 2382 317 2424 ac
325 2381 520 2449 praeparasse
537 2355 670 2424 videtur.
696 2353 865 2443 Agendum
881 2353 922 2422 de
942 2357 1047 2452 scrip-

129 2477 150 2544 ls
181 2475 362 2560 Ciceronis,
385 2492 422 2541 ut
449 2499 488 2542 ex
519 2474 569 2541 his
604 2475 809 2562 intelligamus
829 2477 1047 2568 potissimum,

129 2597 184 2688 [uis
209 2596 427 2662 Ciceronianae
448 2593 543 2663 fucrit
576 2594 790 2688 philosophiae
821 2594 890 2662 fons
923 2595 1049 2688 praeci-

129 2740 204 2782 mus.
272 2713 371 2805 Quod
403 2740 469 2805 quo
495 2716 610 2782 rectius
635 2714 901 2807 adsequercmur,
945 2739 1050 2807 neque

129 2834 266 2929 pinionis
295 2834 418 2902 levitate
443 2836 655 2901 aberraremus
683 2826 699 2901 a
732 2860 828 2920 vero,
871 2833 913 2901 de
944 2832 1049 2902 indole

129 2953 228 3042 gimus
256 2954 336 3038 viri,
360 2970 428 3020 tum
451 2952 491 3019 de
520 2955 633 3048 puerili
663 2957 858 3022 institutione
881 2981 917 3023 ac
939 2954 1047 3022 litera·

129 3098 184 3139 um
205 3072 332 3158 studiis,
366 3100 402 3141 ac
421 3071 548 3140 tandem
567 3072 607 3141 de
638 3073 836 3161 doctoribus,
860 3076 975 3167 quibus
1007 3073 1047 3140 ad

129 3173 313 3258 xoolendam
345 3191 575 3284 philosophiam
611 3216 683 3259 usus
714 3210 770 3260 est.
836 3195 921 3261 Haec
946 3209 1049 3260 autem

129 3326 227 3378 :uncta
265 3310 482 3395 considerans,
514 3337 580 3379 non
606 3313 733 3378 mirarer
755 3314 919 3404 profecto,
953 3314 979 3378 si
1011 3336 1048 3380 eo

129 3431 277 3498 aluissent
308 3431 395 3525 apud
428 3433 635 3516 Ciceronem,
667 3449 703 3498 ut
730 3457 817 3499 amor
847 3431 982 3513 Platonis
1012 3431 1047 3499 in

129 3554 181 3642 jus
202 3554 340 3619 animoa
360 3554 464 3646 pueris
486 3551 717 3620 accenderetur.

159 3670 304 3740 Vidimus
330 3675 434 3756 enim,
450 3660 568 3762 cuod,
588 3688 749 3739 ¹monente
780 3648 967 3759 Plutarcho,
990 3698 1050 3741 au·

129 3791 304 3874 parabamur
332 3789 581 3881 quodammodo,
603 3790 740 3859 indolem
756 3784 830 3881 [ejus
849 3793 940 3860 talem
965 3768 1047 3862 fuis-

129 3915 168 3995 ε’,
191 3909 313 4000 qualem
337 3909 425 3977 Plato
451 3907 490 3976 ad
514 3909 706 3980 tractandam
730 3910 961 4004 philosophiam
983 3937 1046 4005 ap·
