2536 4724
634 412 679 478 90

194 578 282 675 quod
307 579 535 675 philosophiam
564 607 583 650 a
611 579 664 649 vili
697 579 866 674 patuloque
899 583 995 669 orbe,
1039 588 1119 665 circo

191 725 288 795 quem
309 700 488 796 philosophi
510 702 730 785 morabantur,
752 716 909 786 avocaret,
952 699 995 770 ad
1018 705 1116 777 viae.

189 845 253 913 que
275 845 386 906 usum,
406 848 423 887 a
442 846 506 912 quo
527 821 571 888 illi
590 821 765 909 longissime
784 839 990 908 recesserant,
1013 823 1115 895 denno

106 1031 109 1038 Ι
186 939 440 1010 accommodaret.
484 941 538 1009 Sic
569 942 653 1007 enim
683 956 747 1008 tota
774 940 1020 1034 philosophandi
1048 947 1113 1035 ejus

184 1061 263 1130 ratio
289 1061 447 1127 hominem
473 1061 602 1150 ejusque
629 1074 771 1126 naturam
797 1062 980 1152 spectabat,
1014 1079 1054 1131 ut
1077 1065 1112 1134 iu

183 1178 346 1248 educando
366 1177 619 1269 instituendoque
639 1202 676 1245 eo
693 1179 785 1246 unice
807 1179 1036 1249 immoraretur.

225 1300 373 1366 Ceterum
391 1297 492 1381 haec,
525 1321 604 1388 quae
630 1294 838 1381 laudavimus,
875 1300 1040 1389 pertinent
1070 1298 1109 1369 ad

182 1434 302 1511 partem
324 1416 555 1510 philosophiae,
579 1438 658 1507 quae
679 1417 816 1482 moribus
838 1418 1037 1488 continetura
1060 1421 1109 1491 cui

184 1536 448 1628 quemadmodum
476 1535 566 1603 Philo
590 1535 750 1627 physicam
772 1552 804 1602 et
837 1534 1029 1606 dialecticam
1051 1565 1106 1609 ao-

182 1655 439 1740 eommodaverit,
473 1680 538 1724 non
570 1671 657 1747 patet
685 1678 703 1720 e
730 1654 854 1723 Stobaei
884 1654 965 1726 loeo.
1028 1656 1107 1727 Illud

179 1775 256 1845 inde
281 1777 479 1865 intelligitur,
500 1776 670 1868 praecipuo
695 1772 832 1864 quodam
852 1773 973 1846 honore
991 1777 1107 1847 Socra·

179 1897 276 1965 ticum
296 1898 384 1965 hunc
407 1896 629 1989 philosophum
649 1895 785 1963 ethicam
802 1894 965 1980 habuisse,
997 1913 1030 1964 et
1049 1922 1106 1967 ex·

176 2016 292 2110 plicare
318 2019 459 2085 omnium
486 2014 702 2083 studiosissime
723 2016 920 2083 consuevisse.

219 2139 302 2204 Haec
335 2111 464 2226 quidem
494 2133 534 2200 de
562 2134 700 2201 Philonis
730 2133 929 2226 philosophia
956 2134 1055 2205 fusius
1083 2164 1101 2205 a

45 2312 48 2320 .
175 2277 226 2321 me
251 2252 407 2344 disputata
436 2251 610 2343 rideantur.
661 2253 701 2317 In
737 2255 852 2344 quibus
885 2279 945 2322 neo
981 2257 1101 2326 brevior

107 2364 111 2373 ’
173 2395 237 2439 ease
266 2373 376 2467 potui,
419 2387 470 2455 et,
514 2372 540 2437 si
569 2370 739 2457 longiorem
768 2373 928 2440 effecerint
958 2399 1100 2460 moram,

174 2492 332 2560 Ciceronis
355 2491 452 2577 gratia
483 2507 679 2558 excusentur.
728 2493 766 2559 In
799 2492 886 2560 hunc
917 2496 1002 2561 enim
1029 2518 1103 2588 prae

175 2613 281 2680 ceteris
310 2613 456 2679 Romanis
487 2608 678 2702 disciplinae·
698 2612 792 2699 hujus
826 2613 949 2680 sauctus
979 2614 1098 2683 redun-

173 2730 308 2815 darunt,
354 2754 431 2820 quos
470 2731 670 2820 incorruptus
706 2747 833 2798 naturae
873 2757 981 2801 sensus
1013 2732 1098 2803 avide

172 2851 352 2943 excipiebat.
397 2847 567 2917 Audiverat
586 2847 764 2917 Phaedrum
798 2851 931 2937 Cicero,
972 2855 1097 2944 ejusque

171 2968 339 3036 delectatus
363 2967 622 3061 disputationibus
647 2985 720 3037 erat.
763 2972 829 3037 Nec
858 2968 938 3039 adeo
963 2975 1093 3041 miruma

170 3092 206 3158 in
229 3115 296 3158 rem
325 3090 410 3156 enim
428 3112 560 3170 novam,
585 3112 664 3179 quae
686 3088 849 3176 cogitando
869 3093 1004 3161 mamma
1023 3115 1093 3163 ,me-

117 3214 119 3219 ’
170 3209 362 3301 ditandoque
393 3206 634 3298 perficiebatur,
666 3206 835 3276 incidebat.-
878 3210 1010 3304 Atque,
1042 3212 1094 3279 ubi

168 3331 260 3400 semel
282 3331 411 3398 rationes
432 3327 497 3394 illas
516 3325 651 3394 Phaedri
677 3345 880 3419 perceperat,
902 3347 940 3397 ut
967 3331 1092 3400 facilita-

169 3466 200 3517 te
227 3449 385 3519 doctrinae
412 3449 582 3538 Epicureae
613 3462 720 3538 eaptus
748 3446 868 3533 fuerat,
891 3451 932 3519 ita
957 3451 1091 3540 ejusdem

167 3569 272 3638 adbuc
300 3570 450 3636 illecebris
471 3568 535 3635 veri
555 3568 727 3652 ignorantia
761 3570 932 3637 tenebatur.
977 3573 1091 3639 Fuisset

165 3689 262 3775 igitur
284 3688 491 3778 maximopere
520 3683 714 3770 verendum,
736 3687 795 3752 nisi
825 3687 940 3755 miliora
974 3688 1087 3758 discere

169 3807 332 3899 coepisset,
375 3827 417 3868 ne
449 3801 610 3868 desedisset
639 3805 765 3879 inertia,
801 3807 899 3896 inque
931 3809 1085 3900 republica

167 3924 270 3994 nullus
296 3922 465 3992 exstitisset.
509 3925 699 4015 Opportune
728 3924 821 4010 igitur
842 3939 876 3991 et
905 3929 993 4014 quasi
1014 3947 1086 3996 coe·'
