2536 4724
513 370 664 437 77¹

70 541 259 639 phandi‘tia
272 541 428 629 discessit,
451 568 545 634 quam
556 540 669 621 adhuc
684 543 870 615 Clitomachi
890 567 998 626 exem·

70 661 336 756 plo'monituque
351 678 474 730 secutam
504 677 577 730 erat
619 663 750 754 Itaque,
776 679 926 756 tanquam
960 689 1000 733 ex

68 778 223 851 diuturno
252 805 362 874 sopore
394 780 560 868 evigilans,
593 781 776 872 missamque
803 780 915 849 faciens
944 808 999 850 rc·

70 900 250 970 cantiorum
271 901 528 970 Academicorum
556 917 588 968 et
619 902 768 969 curiosam
800 901 1002 969 subtilitatem

66 1037 119 1087 et:
136 1022 282 1114 captiosas
304 1019 563 1112 quaestiunculas,
593 1019 728 1086 Platonis
747 1019 812 1085 fere
832 1020 1002 1086 intermor-
1094 1079 1099 1092 ,

66 1155 159 1206 tuam
188 1137 417 1231 philosophiam
447 1135 590 1206 admirari
617 1155 748 1230 propter
777 1137 1004 1230 simplicitatem
1050 1120 1055 1131 ¹

66 1281 106 1325 ec
120 1258 338 1348 praestantiam
359 1259 471 1350 coepit.
520 1255 584 1325 Sed
611 1283 714 1348 quum
731 1259 766 1324 in
793 1259 903 1351 prinais
925 1274 1002 1326 esset

68 1374 261 1462 mlum,
283 1401 324 1442 ne
346 1377 435 1468 ipse,
465 1378 613 1469 princeps
641 1376 846 1463 Academiae,
875 1374 1001 1446 videras

10 1574 13 1581 ,
70 1512 139 1570 tur·
158 1494 326 1564 desciscere
353 1523 369 1563 a
402 1497 497 1565 veteri
527 1496 691 1582 instituto,
725 1497 890 1589 subitoque
921 1519 1002 1566 nota

71 1613 194 1700 moliri,
237 1614 438 1684 dissimulavit
468 1618 677 1709 propositum¹
690 1640 804 1700 suum,
849 1614 1002 1708 quamdiu

71 1733 209 1804 Athenis
227 1753 314 1821 erat,
336 1759 397 1803 nec
419 1737 479 1801 nisi
498 1761 577 1802 cum·
598 1735 787 1828 paucissimis
809 1734 890 1802 clam
908 1713 1001 1804 oom-
1055 1730 1059 1738 ’

70 1854 263 1951 manicavit,
298 1878 376 1947 quos
398 1856 512 1922 sciebat
540 1857 578 1921 ab
601 1855 650 1921 illa
672 1852 839 1921 dubitandi
858 1852 1003 1946 nihilque

69 1960 230 2042 itatiaeudi
255 1975 424 2066 pertinacia
443 1973 592 2067 paulatim
617 1973 776 2040 remisisse.
818 1973 874 2039 His
906 1970 1001 2060 igitur

68 2100 140 2160 ciat
153 2076 281 2176 auctoi,
302 2109 340 2160 ut
355 2109 515 2161 moverent
534 2106 603 2159 suas
628 2091 854 2177 dubitationes,
876 2093 1001 2184 ipstun·

99 2190 103 2197 ι

69 2229 135 2305 que
157 2209 198 2278 ad
211 2211 475 2306 'respondendum
505 2230 720 2307 provocarent.
764 2213 853 2304 Quos
877 2227 1002 2304 postea·-
1032 2228 1035 2232 “

69 2332 169 2425 quam
195 2334 319 2424 penitus
343 2331 524 2398 traduxisset
549 2331 590 2397 ad
613 2357 700 2399 suam
720 2319 924 2417 seutentiam,
945 2333 1001 2398 in·

69 2450 259 2541 maissetque
285 2451 358 2518 belli
388 2451 565 2537 calamitas,
586 2452 728 2519 cumbis
761 2468 792 2518 et
823 2477 896 2519 eum
915 2453 1005 2545 opti·

70 2571 207 2637 luctibus
226 2569 465 2639 Atheniensium
482 2570 610 2638 excessit
623 2571 913 2662 Romam,ibique,
934 2571 1000 2658 sig-

71 2710 117 2756 no
133 2688 274 2775 sublato,
296 2687 490 2757 Platonicum
516 2712 549 2756 se
566 2689 719 2782 professus
742 2707 797 2757 cst.
840 2688 928 2760 Vidit
941 2690 1004 2758 hoe

72 2824 106 2874 et
126 2809 245 2895 egregie
256 2809 405 2901 expressit
423 2809 617 2896 Augustinus
637 2809 684 2877 ¹l=
707 2807 828 2894 Philo,
857 2811 917 2895 ait,
942 2810 1003 2875 lco-

73 2949 124 2991 mo
154 2931 513 3018 caoamopeatrsstsimaa,
540 2931 618 3017 jam
650 2929 755 2996 aelati
780 2934 912 3020 aperire
946 2951 1003 2995 ae·a

69 3045 225 3125 acatia
245 3048 388 3114 doctiora
399 3059 522 3140 portas
538 3059 709 3140 coeperat,
732 3059 764 3116 et
782 3050 831 3115 ad
849 3048 1003 3115 Platonis

74 3172 303 3234 aaotmtatem
326 3166 540 3234 Academiam
560 3171 709 3258 legesque
731 3191 893 3249 revocare.
989 3257 990 3260 Ἴ

71 3262 75 3267 .
118 3287 216 3354 Nobis
235 3286 364 3378 quidem
385 3286 577 3356 haecomnia
600 3304 739 3355 veterum
758 3286 823 3354 fide
843 3288 1001 3379 accipien-
1067 3298 1079 3319 '

75 3404 180 3489 tibus,
220 3406 438 3497 probabilique
469 3407 586 3474 ratione
618 3405 766 3472 illustrare
799 3407 1002 3494 conantibus,

74 3541 252 3616 pergratum
275 3527 343 3613 jam
360 3551 456 3618 porro
485 3524 593 3611 foret,
618 3524 816 3594 Philonianae
845 3522 1003 3593 doctrinae

77 3643 137 3711 tim
167 3669 292 3714 omnem
321 3662 354 3712 et
390 3643 633 3738 philosophandi
654 3646 804 3713 rationem
835 3667 1000 3738 exponere.

77 3792 360 3816 Ρ--σ--ιι-ιι-

108 3860 135 3927 r)
156 3857 258 3911 conara
280 3857 363 3921 ‚aaa
387 3857 406 3910 ι.
429 3857 483 3910 ιιι
501 3875 525 3910 a
545 3860 586 3914 aa.
