2536 4724
625 363 685 431 160

114 616 117 620 Α
179 535 280 619 fecta,
326 557 364 601 ex
401 536 549 604 universis
585 552 689 604 autem
731 536 992 628 perfectissimam
1031 564 1106 635 spe-

180 655 258 721 ciem
284 656 530 746 verissimamque
555 653 800 750 pulcritudinem
826 657 932 727 animo
962 681 1105 751 ermque·

177 789 306 841 κων.»
473 856 478 869 ⁸

219 892 273 962 Sic
290 893 405 980 igitur,
427 890 515 984 quod
545 918 656 988 operae
678 897 815 988 pretium
837 911 885 965 est
907 896 1102 977 animadver-

65 990 69 997 „
176 1028 261 1098 tere,
304 1014 341 1079 iu
373 1012 422 1079 his
460 1011 592 1082 rudibus
628 1015 845 1108 inchoatisque
877 1018 1101 1110 praestantioris

175 1129 354 1224 disciplinae
376 1131 554 1217 elementis,
600 1158 679 1224 quae
711 1160 729 1202 a
755 1136 907 1228 Cicerone
933 1161 1036 1229 puero
1046 1152 1103 1205 ant

173 1247 400 1317 adolescentulo
432 1250 585 1337 conflata,
604 1276 621 1319 e
640 1255 867 1322 commentariis
898 1254 1099 1339 exciderunt,

170 1371 319 1458 juvenem
335 1371 403 1471 jam
422 1370 527 1437 statim
546 1379 768 1459 φιλοπλάτωνκ
789 1376 995 1461 agnoscimus.
1132 1358 1135 1363 ι

328 1696 444 1766 Oratio
470 1721 536 1789 pro
570 1695 605 1765 S.
639 1696 757 1765 Roscio
790 1697 948 1769 Amerino

512 1841 554 1884 oo
586 1814 756 1886 Venisse.
861 1898 863 1905 y

214 1984 343 2065 Cicero,
378 1998 415 2048 ut
437 1979 562 2049 Philoni
588 2005 715 2081 operum
744 2005 858 2051 navans
879 1983 1097 2072 injuventute

171 2127 224 2169 sua
247 2101 341 2168 libros
363 2117 578 2193 composuerat
596 2099 638 2167 de
659 2116 724 2168 arte
745 2098 920 2187 rhetorica,
942 2103 989 2171 ita
1012 2102 1097 2191 ningit

170 2222 328 2310 magisque
345 2244 405 2313 per
422 2221 601 2306 magistrum
625 2219 712 2286 illum
729 2243 822 2287 suum
841 2219 1003 2289 Platonict
1022 2221 1095 2316 phi·

169 2337 310 2430 losophit
339 2339 499 2423 imbutus,
536 2337 766 2407 adlectionem
793 2338 945 2408 assiduam
968 2339 1097 2408 Platonis

169 2460 323 2527 incubuit.
377 2459 484 2548 Quare
515 2458 605 2547 quis,
637 2455 834 2526 consideratis
867 2459 924 2542 iis,
959 2460 1097 2550 quaein

170 2576 243 2649 rudi
253 2600 347 2669 opere
359 2578 482 2664 vestigia
501 2577 581 2644 illius
595 2576 736 2645 lectionis
754 2594 892 2662 exstant,
903 2579 1026 2664 ingenti
1039 2575 1094 2645 ud·

171 2695 283 2764 ductus
312 2698 555 2789 exspectatione,
587 2698 734 2765 orationes
767 2696 981 2784 aggredietur,
1002 2698 1047 2767 ibi
1066 2719 1096 2764 te

168 2840 295 2908 sperans
318 2817 499 2910 praesertim
527 2817 748 2901 inventurum,
784 2817 918 2908 quae-in
945 2815 1097 2905 rhetorico

169 2937 286 3027 scripto
296 2933 866 3020 minus,siahfnissent,desiderasset
888 2934 1098 3004 Verumlallet

171 3082 244 3133 eum
264 3057 389 3148 opinio,
411 3056 435 3120 si
453 3079 585 3145 eo,quo
602 3072 677 3121 sunt
697 3054 820 3122 habitae
841 3053 971 3139 ordine,
984 3054 1096 3149 explo-

169 3178 397 3249 rareorationes
408 3174 497 3242 volet.
528 3176 601 3242 Non
610 3175 651 3239 ita
662 3174 811 3240 continuo
825 3173 956 3258 Cicero,
981 3198 1098 3264 qnam-

60 3296 62 3313 *
172 3300 216 3366 vis
225 3297 345 3364 Platoni
356 3296 390 3359 in
405 3293 469 3359 dies
479 3293 602 3360 amicior
614 3318 649 3359 ae
667 3291 841 3358 familiarior
852 3291 963 3375 factus,
974 3293 1011 3359 in
1025 3318 1096 3396 ora:

170 3420 324 3495 tionibus,
359 3419 434 3504 quas'
452 3411 600 3478 derebus
624 3410 795 3498 judiciariis
818 3426 850 3476 et
872 3411 1014 3478 civilibus
1037 3412 1096 3479 ha·

169 3539 258 3621 buit,
271 3535 406 3602 Platonis
427 3531 655 3624 philosophiam
673 3527 809 3597 dicendo
822 3528 976 3597 adhibuit.
1000 3529 1098 3600 Aliud
1133 3629 1136 3634 Ι

168 3657 252 3723 enim
276 3671 340 3738 est,
361 3676 440 3743 opus
460 3651 626 3716 literarium
646 3650 709 3716 otio
731 3672 937 3746 componere,
964 3651 1023 3717 nbi
1043 3674 1097 3718 re-

166 3801 239 3844 rum
265 3773 404 3840 omnium
431 3794 503 3835 usus
531 3769 690 3860 suppetit,
723 3765 946 3857 scribendique
972 3767 1099 3836 libertas

167 3894 329 3964 doctrinae
357 3887 583 3982 supellectilem¹
605 3904 638 3953 et
666 3887 839 3955 varietatem
868 3884 1008 3987 lectionis
1035 3886 1097 3956 ad.
