2536 4724
591 360 651 427 129

151 546 239 608 nesta
258 532 455 600 institutione
482 533 672 618 caruissent,
694 535 843 620 majorem
865 557 937 602 sane
961 535 1087 628 opinioa

148 674 225 718 nem
251 650 292 718 de
322 653 472 743 Banaetio
493 650 660 718 habeamus
691 675 814 718 necesse
837 668 901 736 est,
917 670 964 745 ,ut
981 652 1093 740 dignus

148 785 308 852 ‚tantorum
334 773 474 868 virorum
502 769 644 837 videatur
667 772 828 838 consortio.
873 773 963 838 Hane
989 790 1092 843 autem

145 889 328 981 opinionem
356 914 403 955 tes
424 891 494 982 ipsa
517 888 680 982 praeclare
693 889 867 956 confirmat.

146 1008 335 1098 Namque
359 1023 394 1071 ut
415 1001 579 1074 Panaetius
605 1031 621 1072 e
641 1006 763 1074 scholis
788 1009 932 1094 Diogenis
955 960 1089 1101 Babylo·

144 1125 196 1191 nii
215 1141 247 1190 et
256 1125 426 1218 Antipatri
451 1128 610 1192 Tarsensis
632 1145 815 1212 excesserat,
847 1125 992 1195 doctrina
1016 1155 1086 1195 ma·

145 1246 194 1333 gis
223 1261 330 1312 auctus
363 1269 459 1336 quam
492 1247 615 1332 ingenio
648 1248 850 1332 exercitatus,
895 1247 1028 1314 contulit
1057 1272 1091 1314 se

145 1364 304 1451 continuo
324 1362 364 1445 ad
390 1362 520 1451 legenda
537 1382 677 1434 veterum
703 1367 933 1434 Socraticorum
952 1358 1087 1458 scripta,

145 1506 189 1573 3².
202 1500 330 1564 mente,
362 1501 399 1549 ut
422 1483 510 1575 quod
533 1486 578 1552 ibi
598 1488 697 1553 bonae
720 1485 816 1573 frugis
843 1488 1031 1580 reperisset,
1052 1487 1087 1552 in

145 1625 223 1695 φοι
243 1602 316 1690 usus
336 1597 477 1687 referret.
519 1606 628 1696 Itaque
650 1631 715 1672 non
739 1608 908 1693 miramur,
930 1630 1000 1681 acre
1022 1606 1088 1693 ejus

145 1721 290 1813 studium
319 1723 432 1808 fuisse,
466 1725 521 1788 ista
543 1726 646 1791 omnia
672 1723 781 1793 sedulo
801 1722 1032 1815 perquirendi,
1054 1724 1089 1788 iu

145 1830 259 1935 primis
279 1837 439 1938 ,Platonem
460 1841 677 1910 studiosissime
705 1841 869 1908 tractandi.
914 1844 953 1907 ln
974 1843 1091 1934 quibus

145 1958 265 2052 ,omeliis
288 1986 394 2052 quum
413 1985 447 2027 ea
474 1962 593 2028 ratione
613 1977 801 2043 versarem,
830 1977 866 2026 ut
893 1961 995 2029 Stoica
1017 1960 1090 2053 pla-

145 2079 216 2157 ,oita
240 2104 307 2146 non
335 2079 522 2167 negligeret,
567 2079 620 2146 sed
653 2080 703 2146 illa
733 2079 844 2165 vellet,
890 2078 994 2171 quoad
1025 2082 1092 2168 ejus

148 2197 223 2290 lieri
248 2216 371 2292 posset,
404 2198 444 2266 ad
466 2217 605 2267 veterum
628 2225 770 2267 revocare
791 2202 973 2284 sanitatem,
994 2198 1092 2267 fiebat
1185 2208 1188 2212 '

147 2333 279 2412 utnon
309 2319 409 2386 solum
439 2321 575 2385 oratione
602 2319 754 2402 Platonis,
798 2316 853 2384 sed
877 2317 1092 2411 philosophiae

147 2425 218 2529 ejus
252 2440 381 2504 omnino
415 2455 578 2530 caperetur
610 2437 789 2504 incredibili
823 2461 935 2505 amore.
992 2438 1091 2524 Cujus
1139 2451 1141 2454 ’

147 2553 183 2623 vi
212 2570 245 2620 et
274 2556 419 2622 suavitate
445 2557 514 2642 jam
545 2557 647 2641 magis
669 2559 827 2645 magisque
858 2571 1044 2648 percepta,
1060 2570 1092 2623 ει
1143 2620 1144 2624 ,

147 2673 219 2767 ipse
246 2674 375 2758 aStoae
399 2674 623 2768 consuetudine
652 2676 792 2758 remisit,
828 2691 859 2740 et
882 2673 979 2762 hujus
1006 2670 1089 2741 doc·

148 2794 269 2861 trinam
303 2818 429 2861 omnem
452 2793 493 2859 ad
517 2794 737 2886 simpliciorem
764 2797 918 2861 rationem
946 2790 1087 2859 adduce-

149 2933 185 2989 ιε
218 2912 356 2979 tentavit.
417 2913 523 3002 Quam
554 2912 677 2980 laudem
708 2915 736 2979 ei
768 2914 880 2980 tribuit
903 2913 1013 2978 Cicero
1038 2912 1091 2978 ¹la

151 3024 176 3099 >i
196 3031 391 3117 Stoicorum,
411 3033 530 3122 inquit,
545 3034 698 3097 tristitiam
717 3049 810 3123 atque
830 3032 1025 3122 asperitatem
1036 3028 1092 3109 fu·
1173 3093 1178 3102 ,

153 3150 263 3240 giens,
286 3174 346 3217 nec
370 3152 567 3217 acerbitatem
589 3149 829 3233 sententiarum,
853 3173 911 3215 nec
935 3147 1092 3236 disseren-
1159 3168 1160 3174 ¹

154 3266 190 3337 di
216 3270 320 3371 spinas
349 3271 514 3362 probavit:
549 3269 672 3361 fuitque
699 3271 734 3334 in
765 3269 860 3335 altero
890 3291 1001 3354 genere
1028 3266 1091 3330 mi-

156 3390 237 3474 tior,
258 3390 294 3455 in
315 3389 411 3456 altero
434 3389 595 3474 illustrior3
632 3413 817 3478 semperque
845 3391 880 3453 in
907 3411 959 3454 ore
981 3385 1094 3452 habuit

145 3507 331 3593 Platonem,
354 3508 568 3592 Aristotelem,
580 3510 806 3593 Xenocratem,
818 3507 1091 3599 Theophrastum,

145 3629 400 3713 Dicaearchum,
433 3645 470 3694 ut
500 3631 595 3721 ipsius
625 3631 740 3742 scripta
773 3627 940 3697 declarant.
956 3630 976 3659 ’'
1021 3625 1094 3695 Alio

159 3759 470 3817 .'..............

192 3897 219 3964 ι)
239 3896 282 3948 De
301 3895 362 3952 Flu.
383 3893 437 3949 lv.
457 3896 500 3950 at.
