2536 4724
597 423 653 491 121

165 610 279 681 restat,
295 597 483 690 priusquam
513 620 586 665 eum
606 597 709 667 Asiam
722 616 941 688 ‘peragrantem
955 610 1086 696 'sequar

159 728 266 802 mur,
279 741 345 807 quo
376 716 502 784 oonsilio
520 740 645 807 quaque
668 733 771 784 mente
788 717 927 786 Athenas
947 721 1086 810 relique-
1108 796 1110 800 ,

165 835 227 919 xit,
271 859 384 926 neque,
401 837 445 901 ibi
467 835 620 927 proficere
652 834 796 919 diutius,
825 853 857 902 et
886 863 960 904 cum
981 839 1090 907 Attico

165 930 261 1045 atoue
283 955 442 1023 Antiocho
457 955 720 1046 familiaribusque
741 957 843 1023 multis
855 959 984 1042 versari,
995 972 1089 1049 qnam

162 1071 202 1140 in
229 1075 297 1140 alias
320 1092 432 1158 terras,
456 1078 593 1165 quamvis
618 1076 816 1143 nobilissimas
829 1090 896 1161 ,ac
915 1051 1091 1145 liberalihus

161 1192 273 1259 studiis
301 1195 559 1278 affluentissimas,
592 1197 780 1285 peregrinam
815 1197 965 1264 maluerit.
1018 1201 1089 1292 Ipse

127 1352 134 1367 ι
162 1335 284 1378 oausam
302 1314 346 1378 rei
364 1338 427 1380 non
448 1312 561 1391 refert,
584 1338 691 1381 serum
709 1316 891 1384 Plutarchus
910 1321 999 1386 uobis
1021 1337 1087 1387 tra·-
1159 1354 1161 1358 ’

163 1429 237 1515 dit,
273 1431 381 1500 Sullae
405 1435 519 1500 mortui
545 1436 717 1513 nuncium,
761 1437 900 1504 Athenas
929 1437 1089 1525 delatum,

165 1552 319 1637 effecisse,
344 1568 397 1617 ,ιιι
421 1562 522 1643 quum
550 1552 605 1619 diu
627 1556 761 1622 incertus
791 1558 943 1649 inopsque
974 1559 1092 1626 consilii

165 1670 290 1756 fusses,
312 1674 432 1740 abitum
461 1690 626 1744 maturaret
643 1675 691 1767 ¹¹l.
735 1673 831 1764 Quod
858 1663 941 1743 recte
968 1676 1092 1743 videtur

166 1792 346 1860 observasse.
368 1793 458 1861 Nam.
470 1795 534 1858 nisi'
549 1793 632 1862 Sulla
650 1795 772 1861 obiisset
791 1819 828 1861 eo
844 1796 913 1886 ipso
931 1812 1092 1887 tempore,

160 1913 324 1980 ‚authrevi
342 1929 435 2003 post,
459 1911 604 1979 credibile
623 1930 687 1997 est,
711 1911 887 1981 difficillime
908 1937 944 1980 eo
966 1915 1089 2005 potuis·

164 2055 199 2099 se
218 2031 361 2126 perduci·
378 2034 582 2117 Ciceronem,
603 2049 639 2098 ut
663 2036 794 2100 Romam
814 2032 929 2098 rediret
948 2049 979 2098 et
1001 2050 1089 2098 rem·-

163 2153 323 2246 pnhlicam
345 2170 522 2246 capesseret.
574 2155 783 2222 Maximorum
811 2154 897 2219 enim
918 2153 1066 2220 malorum
1079 2203 1095 2240 „

163 2295 246 2361 quae
274 2281 363 2338 unus.
376 2272 482 2338 illetin
507 2274 668 2341 Graeciam
696 2275 934 2364 importaverat,
967 2273 1091 2341 molesta

162 2389 354 2476 recordatio,
388 2417 482 2483 quam
504 2394 598 2478 nugis
620 2392 712 2458 etiam
731 2394 950 2484 exasperabant
974 2393 1089 2478 ingen-

163 2526 210 2578 tes
245 2513 456 2579 Romanorum
490 2511 689 2596 calamitates,
734 2510 844 2579 codem
876 2528 1000 2585 auctore
1029 2535 1104 2583 ex-‚

163 2632 296 2715 citatae,
329 2648 534 2722 aconspectu
564 2635 678 2699 Romae
705 2655 777 2697 eum
797 2632 906 2722 procul
934 2632 1086 2698 arcuisset.

163 2751 305 2835 contra,
351 2775 430 2842 quae
459 2776 584 2818 omnem
605 2753 632 2817 ei
657 2749 792 2818 abeundi
814 2752 952 2818 animum
980 2750 1087 2816 aufer·

147 2854 251 2955 emt,
286 2869 554 2964 distraherentque
586 2873 849 2958 a‘remigratione
876 2874 910 2938 in
936 2873 1104 2962 patriam,

161 2987 235 3057 vide
262 3015 359 3080 quam
387 2991 483 3057 multa
515 3008 547 3058 et
576 2993 676 3078 gravia
699 2991 889 3059 inciderent.
944 2994 1090 3084 Namque

163 3132 268 3202 quum-
295 3111 343 3195 ei,
386 3111 514 3178 abeunti
542 3112 641 3179 Romi
653 3159 664 3196 ,
707 3111 864 3179 rideretur
894 3115 1090 3204 propositum

161 3250 227 3296 esse
243 3230 303 3295 iter
324 3230 359 3295 in
380 3230 486 3297 Asiam
504 3225 560 3315 2),Ι
575 3255 635 3297 nec
655 3232 842 3317 cogitavisset
860 3231 992 3299 Athenis
1013 3231 1088 3299 diu·

163 3349 224 3416 aius
247 3350 376 3433 morari,
411 3375 506 3439 quam
535 3349 757 3442 philosophum
786 3352 820 3417 in
845 3367 908 3419 tam
935 3351 1015 3419 clara
1037 3354 1086 3420 ci·

168 3624 172 3633 ·
193 3598 225 3667 1)
243 3597 278 3651 C·
294 3597 320 3650 4.
371 3602 399 3668 a)
419 3599 515 3651 Cicero
531 3602 560 3650 in
579 3601 662 3651 Bruto
679 3615 703 3650 c.
721 3615 764 3667 91·
785 3601 851 3650 Cum
871 3617 1089 3660 censeremus·

165 3688 333 3741 missiones!
343 3691 531 3741 moderatione
547 3692 623 3740 vocis
638 3699 665 3740 et
682 3697 851 3740 commutato
865 3707 964 3758 genere
981 3688 1089 3740 dicandi

166 3792 206 3828 me
220 3785 250 3828 et
260 3778 420 3847 perieulum
440 3781 530 3830 vilare
553 3796 647 3848 posse,
672 3787 700 3829 et
721 3780 902 3846 temperatius
918 3779 1029 3841 dicere,
1055 3787 1089 3829 ut

165 3868 388 3919 consuetudinem
399 3868 509 3919 dicendi
517 3875 652 3919 mutarem
664 3903 673 3931 ,
689 3885 725 3919 ea
736 3885 822 3928 causa
833 3866 904 3920 mihi
919 3868 955 3922 in
965 3869 1088 3924 Asiam

161 3956 354 4025 pmficoesada'
368 3958 439 4027 faita
458 3957 501 4013 ct
520 3950 625 4028 Quinct
638 3957 660 4012 1.
679 3955 749 4012 ΧΠ.
766 3961 791 4012 e.
806 3954 835 4012 6.
