2536 4724
455 978 689 1049 CAPUT
734 974 783 1039 ΙΙ.

334 1222 368 1271 H·
390 1220 491 1271 euim
512 1217 668 1268 clemens
688 1206 909 1264 mansuem!

286 1338 394 1389 swnu
424 1337 464 1386 Ac
497 1332 757 1394 inuenerem,
798 1329 830 1377 IN
862 1323 968 1373 effluis

407 1454 575 1504 Amoenus
596 1452 634 1504 nr
655 1447 838 1500 Posmonms

543 1627 672 1654 400·

232 1771 284 1840 Ab
305 1794 393 1838 anno
415 1772 536 1837 aetatis
557 1763 825 1830 duodevicesimo
847 1777 948 1846 usque
970 1749 1016 1818 ad
1063 1828 1069 1839 ²

526 1887 729 1951 tricesimum.

533 2096 706 2123 -009-

387 2239 483 2306 Iter
524 2241 571 2302 in
618 2233 863 2301 Graeciam.

208 2613 230 2656 »
249 2554 364 2674 Erat,
398 2589 504 2678 inquit
538 2588 648 2656 Cicero
668 2589 702 2654 in
724 2591 822 2656 Bruto
849 2590 899 2672 1),
930 2587 992 2655 hoc
1015 2603 1098 2654 tem-

166 2731 244 2801 pore
272 2709 307 2773 in
327 2709 418 2774 nobis
441 2732 560 2774 summa
591 2706 739 2795 gracilitas
772 2723 805 2773 et
829 2706 996 2774 infirmitas
1024 2728 1099 2774 eor-

168 2826 274 2918 poris3
299 2850 465 2915 procerum
492 2843 522 2891 et
542 2843 634 2892 tenue
662 2826 794 2912 collum3
820 2827 876 2917 qui
910 2825 1035 2893 habitus
1070 2843 1101 2894 et

170 2968 250 3033 quae
272 2943 371 3031 figura
389 2970 454 3012 non
474 2946 587 3038 procul
606 2949 708 3012 abesse
730 2962 861 3037 putatur
877 2973 895 3013 a
913 2948 992 3016 vitae
1007 2950 1100 3040 peri-

170 3064 259 3150 culo,
292 3066 318 3130 si
345 3064 462 3132 aceedit
484 3065 571 3132 labor
594 3082 625 3132 et
645 3065 776 3132 laterum
796 3091 906 3152 magna
933 3069 1101 3134 eontentio.

169 3185 281 3277 quue
309 3187 404 3273 magis
438 3185 500 3252 hoe
527 3210 598 3272 eos,
621 3187 736 3277 quibus
763 3210 847 3252 eram
868 3212 973 3273 carus,
1009 3212 1100 3256 eom-

171 3307 328 3390 movebat,
361 3302 449 3398 quod
476 3306 578 3372 omnia
599 3306 664 3370 sine
687 3305 876 3389 remissione,
899 3307 965 3373 sine
995 3306 1097 3373 varie-

171 3439 248 3508 tate,
283 3427 315 3491 vi
334 3449 452 3491 summa
470 3426 551 3494 vocis
572 3439 604 3489 et
628 3424 720 3490 totius
742 3425 879 3513 eorporis
904 3425 1101 3491 contentione

173 3539 323 3609 dicebam.
366 3546 475 3633 Itaque
500 3569 573 3612 eum
594 3566 644 3609 me
663 3558 695 3608 et
722 3544 811 3609 amici
835 3559 866 3608 et
883 3541 998 3609 medici
1020 3542 1098 3609 hor-

174 3676 333 3746 tarentur,
356 3678 392 3727 ut
416 3687 519 3730 causas
550 3687 637 3750 egere
655 3659 854 3746 desisterem,
878 3661 1011 3752 quodvis
1036 3686 1097 3759 po-

176 3781 234 3843 tius
270 3779 445 3871 perieulum
471 3781 550 3848 mihi
582 3776 785 3866 adeundum,
831 3806 965 3870 quamn
987 3796 1100 3876 sperate

207 3966 233 4032 ι)
258 3967 289 4022 C.
308 3981 352 4037 91·
