2536 4724
488 319 527 398 215

46 491 507 603 ,dtmlwffldiortmque
529 513 632 581 :genus
662 503 915 581 sequeremur„-
929 482 986 556 aea

23 605 25 609 ¹
44 607 395 716 ίιιίιιιιι,1ιιιιιιιιιιίιιιιιιιιι
412 635 541 705 quoque
557 635 623 678 non
644 633 830 702 magnopere
847 623 986 692 curaret,

46 729 343 839 institutaquessua
365 735 490 820 integra,
515 734 555 799 ab
583 732 670 800 omni
697 728 792 797 aliena
815 730 985 798 imitatione

47 879 201 953 servans,
215 854 405 949 majestatem
422 876 509 919 suam
536 853 750 944 maximopere·
764 865 901 918 censeret
921 849 986 918 im·

46 962 186 1070 mistui,
204 975 231 1041 si
252 998 278 1041 a
308 970 436 1041 devictis
469 973 614 1060 gentibus
648 994 747 1039 mores
780 986 813 1038 et
841 967 988 1060 discipli·

41 1170 44 1174 Α
47 1093 318 1191 namacciperet.
363 1088 465 1159 Sed
456 1108 512 1159 rsta
534 1092 685 1183 sententia
707 1087 838 1157 tamdiu
848 1088 994 1157 obtinere

50 1168 193 1334 poterat,
207 1209 364 1308 quamdin
377 1211 560 1281 imbecillior
576 1189 687 1277 natura
698 1209 883 1300 patiebatur.
895 1210 990 1275 Post-

50 1326 213 1431 puna
172 1354 247 1425 ‚vero
269 1329 434 1398 nobiliores
455 1328 584 1421 quidam
611 1353 718 1397 sensus
744 1329 779 1395 in
806 1328 916 1395 animis
940 1327 997 1403 vi

53 1473 126 1549 gere
149 1465 343 1543 coeperunt,
366 1474 402 1517 ac
420 1450 583 1542 principes
609 1449 643 1516 in
671 1449 794 1516 civitate
820 1448 995 1540 viri,2pa-

55 1591 138 1635 rum
152 1569 305 1637 contenti
315 1565 483 1641 domestica
503 1566 688 1661 disciplina,
709 1569 843 1636 excitare
863 1584 895 1634 et
911 1591 993 1660 pro-

54 1710 182 1781 movere
209 1685 428 1760 liberaliorum
457 1688 571 1753 artium
605 1685 745 1753 studium
777 1688 995 1772 conabantur,

57 1777 166 1917 band
178 1784 308 1887 deerant
335 1803 408 1888 alii,
441 1806 499 1895 qui
527 1802 682 1896 patefacta
713 1805 764 1871 vit
794 1801 997 1888 incederent,

57 1946 251 2009 acrorem,
270 1919 360 2014 quod
383 1922 426 1989 illi
447 1923 569 1989 summa
590 1946 651 2015 ope
670 1923 731 1989 sibi
751 1937 998 2014 proposuerant,

57 2045 231 2112 efficerent.
271 2039 411 2130 Adjnvit
433 2031 616 2136 praesertim
639 2040 696 2108 hos
717 2041 863 2127 erigentis
882 2061 947 2106 sese
967 2054 999 2106 et

60 2150 138 2250 ¹vires
155 2174 223 2229 snas
241 2160 422 2252 explicantis
438 2160 551 2254 populi
575 2160 703 2229 conatds
721 2157 840 2227 devicta
852 2136 998 2253 Graecia,

62 2305 164 2373 qnae,
199 2280 366 2373 propositis
389 2280 529 2346 maximis
554 2278 599 2365 ad
623 2277 798 2347 docendam
826 2280 998 2348 Romanam
1050 2265 1053 2273 ¹

61 2403 265 2490 'juventutem
285 2401 427 2492 praemiis
448 2416 480 2465 et
500 2399 689 2486 honoribus,
710 2398 850 2491 permisit
868 2399 998 2490 suisqei-

65 2497 192 2603 ribus,
203 2535 241 2596 nt
259 2520 392 2593 Romam
412 2521 552 2605 abirent,
574 2535 668 2611 atque
689 2520 731 2585 ita
751 2517 838 2586 facile

301 2693 304 2698 ,
402 2640 504 2712 feram
521 2639 654 2690 victorem
670 2638 760 2706 cepit,
780 2645 810 2689 et
829 2646 906 2689 artes

168 2737 281 2791 intulit
302 2739 410 2808 agresti
427 2739 514 2788 Latio
534 2740 575 2803 ι).

108 2838 223 2930 Neque
257 2852 360 2905 tamen
396 2850 487 2928 putet
524 2835 650 2930 aliquis,
668 2928 671 2933 Q
689 2837 881 2930 inopinatam
912 2836 1004 2904 fuisse

66 2952 150 3048 banc
174 2971 206 3023 et
229 2957 363 3030 subitam
388 2958 628 3025 conversionem.
682 2959 728 3024 Ut
750 2955 849 3050 solent
870 2982 1000 3044 magna·

67 3098 142 3142 rum
167 3051 294 3161 rerum,
339 3077 519 3168 praesertim
548 3078 600 3143 in
615 3076 741 3169 populis
771 3092 802 3142 et
832 3077 1005 3146 civitatibus

66 3192 287 3276 instituendis,
315 3221 410 3289 parva
435 3169 522 3263 initia
549 3216 626 3280 esse,
655 3196 735 3263 haec
760 3211 862 3262 antem
893 3196 1005 3262 sensim

69 3312 283 3408 pamatimque
306 3339 440 3382 crescere
463 3331 495 3381 et
516 3315 636 3401 augeri,
663 3316 713 3388 ita,
727 3313 847 3407 populo
866 3315 1007 3384 Romano

68 3431 208 3523 plurima
231 3435 412 3527 obstabant,
444 3434 611 3523 quominus
634 3431 674 3498 ad
698 3456 801 3500 veram
825 3431 1005 3500 humanita-

69 3567 137 3617 tem
156 3550 269 3618 celeres
288 3569 383 3642 atque
402 3554 567 3620 continuos
581 3551 694 3619 faceret
707 3575 893 3642 progressus.
937 3555 1006 3622 Irn-

75 3668 246 3762 pediebent
266 3662 478 3758 'generosiores
504 3695 626 3757 sensns,
659 3695 699 3737 ne
723 3659 840 3741 radices
865 3691 1007 3761 agerent,

73 3792 290 3896 ‚tumorgentis
302 3807 333 3855 et
344 3791 475 3875 vanitas,
489 3815 569 3882 quae
580 3789 681 3860 donec
693 3792 851 3880 vigebant,
864 3818 923 3863 nec
935 3819 1005 3864 me·

111 3932 139 4026 ι)
158 3932 254 4009 llorat.
272 3959 380 4026 Epiust.
396 3957 416 4010 l.
435 3932 475 4012 ll.
493 3957 546 4025 Ep·
564 3944 587 4014 1'.
605 3979 646 4015 vs.
664 3961 722 4014 156.
