2536 4724
591 447 664 514 &80

169 621 288 686 sionem
308 619 467 703 iudicet,
487 645 552 689 non
584 619 792 708 moderante
811 620 948 708 indigna
976 624 1084 708 ingenio

166 736 324 824 evidetur,
348 735 401 804 sed
424 756 562 809 --tantum
593 741 680 804 abest
709 755 745 804 ut
773 739 815 804 illi
839 742 1024 823 conveniat,
1056 756 1085 805 ut

172 857 281 948 quovis
312 860 444 925 nomine
465 861 589 951 potius,
614 882 708 948 quam
732 857 801 941 illo,
825 857 1029 938 celebrandus
1047 859 1084 923 sit.

170 977 282 1066 Neque
306 979 364 1042 erit
386 1001 525 1056 necesse,
547 1000 613 1042 rem
632 976 720 1041 latius
742 980 895 1067 persequi.
942 972 1084 1043 Satis'at
1106 952 1108 956 Ι

170 1094 432 1175 animadvertere,
455 1097 581 1161 minime
608 1117 670 1160 esse
689 1094 846 1160 imitatoris
870 1095 989 1177 solere,
1011 1098 1086 1182 ejus.

172 1239 268 1304 quem
287 1215 397 1279 imitari
413 1212 537 1296 studet,
559 1215 734 1306 improbare
754 1213 937 1276 sententiam
949 1261 959 1292 ,
970 1228 1022 1276 aut
1031 1214 1087 1298 ejus

172 1353 237 1396 non
257 1354 378 1421 semper
406 1333 577 1396 auctoritati
599 1353 715 1420 parere.
757 1331 855 1414 Cujus
875 1330 921 1393 rei
940 1328 1088 1420 exempla,

170 1451 310 1535 quamvis
327 1473 367 1514 ‘ea
393 1451 517 1515 nonnisi
540 1448 621 1514 aliud
647 1465 767 1536 agentes
790 1449 969 1533 attigimus,
991 1449 1089 1514 afferre

170 1568 266 1633 tnulta
291 1567 379 1634 licet·
416 1567 482 1636 Aut
510 1570 611 1650 enim,
645 1569 698 1632 ubi
723 1591 776 1632 sua
805 1568 863 1631 sibi
883 1553 991 1660 potior
1019 1592 1088 1632 sen·

170 1689 264 1751 tentia
277 1689 428 1776 ,aequam
451 1687 602 1768 Platonis,
622 1684 782 1769 ridetur,
807 1687 846 1750 ab
873 1711 911 1751 eo
940 1684 1088 1752 discedit:

172 1804 258 1898 (prod
284 1808 318 1871 in
346 1806 432 1872 libris
462 1805 508 1872 dc
525 1805 717 1898 Republica,
741 1829 840 1894 quum
872 1805 1092 1887 aemularetur,

170 1948 235 1990 nou
265 1927 436 1991 imitaretur
463 1925 645 2007 Platonem,
668 1925 763 2009 fecit,
796 1940 866 2007 aut,
888 1949 992 2014 quum
1012 1925 1093 1990 Plato

170 2068 204 2109 ea
224 2042 412 2130 tradidisset,
437 2069 516 2136 quae
537 2043 634 2129 gentis
659 2065 728 2107 suae
753 2040 849 2108 indoli
876 2043 1091 2124 convenirent,

169 2164 380 2230 Romanorum
406 2187 478 2230 vero
499 2165 628 2248 ingeniis
641 2185 764 2252 parum
783 2178 1010 2247 congruerent,
1032 2185 1094 2227 non

171 2279 312 2366 dubitat,
357 2284 489 2374 probare
522 2280 648 2372 quidem
671 2283 850 2360 Platonem,
893 2303 967 2344 eum
996 2297 1094 2345 tamen

169 2402 234 2489 ipse
254 2397 319 2467 non
340 2402 446 2490 sequi:
461 2399 543 2466 'fecit
571 2399 626 2472 id,
649 2401 703 2464 uhi
725 2401 759 2464 in
787 2396 932 2465 lihrisde
960 2400 1094 2485 Legibus

169 2521 350 2587 sententiam
373 2517 558 2611 philosophi
581 2516 622 2582 de
651 2518 765 2583 musica
790 2517 947 2582 referebat.
992 2521 1093 2582 Tan-

170 2637 242 2704 dem
270 2663 358 2722 vero,
380 2663 445 2705 non
466 2639 523 2703 rite
541 2636 697 2703 intellectis
725 2636 939 2727 perceptisque
960 2635 1095 2701 Platonis

169 2755 389 2843 sublimitate„
417 2781 483 2822 non
520 2754 659 2822 cohibuit
688 2753 842 2841 judicium
882 2778 997 2838 suum,
1042 2753 1095 2820 sed

167 2873 263 2939 libere
289 2898 343 2955 ea,
388 2899 467 2964 quan
493 2877 642 2955 sentiret,
672 2897 813 2965 quaeque
835 2875 892 2939 sibi
912 2872 1098 2940 riderentur

168 2992 358 3084 probabilia,
380 2993 568 3074 enuntiavit:
593 2994 681 3079 cujus
701 2995 744 3057 rei
761 2993 939 3084 exemplum
956 2995 991 3058 in
1009 2998 1098 3060 Tus·

171 3111 293 3180 culunis-
308 3128 422 3194 exstat,
454 3112 509 3177 uhi
533 3109 573 3176 de
600 3128 707 3178 natura
737 3112 871 3193 amoris,
907 3113 995 3204 quasi
1016 3136 1095 3206 per-

170 3233 367 3297 versasanimi
389 3231 508 3302 affectio
527 3232 704 3319 mentisque
726 3232 920 3321 perturbatio
947 3234 1008 3315 sit,
1027 3231 1097 3299 dis-

174 3367 269 3415 serti-¹
316 3380 319 3386 '
355 3377 357 3385 '

184 3512 189 3519 -
212 3465 305 3532 Haud
330 3469 442 3534 iccirco
461 3471 578 3536 'Cicero
605 3471 639 3534 in
670 3468 920 3562 philosophando
954 3440 1098 3538 serviletn

167 3586 201 3648 in
217 3584 352 3651 ⁴modurn
380 3588 513 3655 imitatus
538 3587 711 3654 Platonem·
724 3605 776 3654 est.
835 3587 897 3654 Sed
926 3613 1034 3680 neque
1063 3592 1099 3656 iis

168 3700 290 3768 videtur
320 3703 568 3771 annumerandus
608 3707 791 3791 Platonicis,
835 3710 890 3798 qui
920 3708 969 3774 vel
1000 3712 1101 3777 verba-

81 3869 84 3873 -
168 3821 355 3914 philosophi.
374 3825 407 3888 in
427 3824 593 3903 scribendo
605 3843 816 3918 usurparent,
838 3850 885 3892 res
911 3843 943 3892 et
968 3826 1102 3913 doctri-¹

170 3965 240 4009 uem
272 3941 473 4030 negligerent:
511 3945 556 4011 vel
586 3947 644 4014 sihi
671 3945 825 4032 gloriosius
857 3947 1094 4031 existimarent,
