2536 4724
618 365 658 430 12

172 552 380 634 praestantem
411 537 503 609 fuisse
537 533 689 620 vidimus,
716 528 808 602 ‘baud
837 536 943 602 inanes
978 531 1099 604 fructus

172 674 375 752 perceperat,
401 681 500 751 quum
524 658 651 723 instaret
676 670 778 737 aetas,
808 676 888 746 quae
913 668 961 721 est
985 653 1097 723 summi

172 777 207 842 in
222 777 282 844 vim
290 776 424 845 bominis
439 777 604 860 momenti,
622 790 658 841 ut
673 772 788 839 utiliter
800 789 833 839 et
843 773 972 840 honesta
992 788 1094 841 ῑιιιιιι-

171 896 293 983 uatus,
323 897 372 964 ss
393 893 517 961 rann
535 895 665 965 nomam
686 916 761 960 cum
781 872 853 958 fisa
875 891 1093 979 commigravit

170 1014 225 1084 Sic
248 1015 333 1080 enim
354 1014 525 1097 statuebat,
548 1011 654 1079 melius
678 1009 838 1078 informari
857 1011 1016 1099 juvenum
1032 1011 1091 1085 ,in-

171 1133 278 1218 genia,
297 1130 477 1220 faciliusque
488 1131 582 1197 suinai
591 1129 747 1198 facultates
757 1128 905 1224 explicari
915 1131 952 1196 iu
965 1130 1098 1198 manna

171 1247 359 1317 ducentium
380 1272 492 1316 corona
512 1273 619 1342 posse,
645 1274 740 1342 quam
764 1251 790 1316 si
815 1250 907 1317 aretis
933 1249 1094 1342 municipii

168 1368 319 1438 limitibus
339 1392 376 1437 ac
399 1366 559 1437 deterioris
584 1366 764 1461 disciplinae
789 1369 935 1456 angustiis
959 1369 1093 1438 dream·
1126 1432 1130 1438 .

170 1487 400 1573 seriberentnr3
432 1484 521 1578 quod
544 1502 577 1554 et
595 1485 731 1554 alienum
747 1487 787 1554 ab
807 1486 949 1561 instituto
968 1509 1044 1572 suo,
1064 1501 1093 1554 et

169 1628 244 1674 vero
268 1605 387 1676 liberali
413 1606 542 1675 homine
564 1629 690 1700 proram
710 1603 877 1693 indignum
895 1606 1093 1675 existimabat.

170 1725 256 1814 Ergo
280 1726 315 1792 in
341 1724 447 1794 sedem
475 1727 597 1817 imperii
627 1724 844 1820 amplissimam
869 1724 1010 1812 delatus,
1033 1726 1091 1793 sire
1133 1700 1138 1721 ’

169 1846 331 1940 propriam
365 1845 494 1915 domum
524 1842 697 1933 habitaret,
731 1869 784 1913 sen
807 1844 982 1934 ⁴diverteret
1009 1837 1092 1938 apul

170 1965 209 2033 C.
230 1962 422 2035 Aculeonem
441 1968 679 2058 propinquum,
710 1966 873 2033 acutissimi
893 1966 1010 2052 ingenii
1031 1965 1091 2032 bo-

169 2084 308 2169 minem,
329 2082 409 2150 filios
429 2107 498 2150 suos
519 2109 673 2152 unacum
694 2085 905 2169 consobrinis,
929 2083 1091 2153 Aculeonis

168 2199 263 2286 filiis,
294 2218 390 2292 prout
424 2204 577 2294 cujusque
613 2221 724 2271 natura
751 2220 784 2271 et
809 2201 926 2273 indoles
955 2203 1090 2287 ferrent,

169 2317 288 2387 emrtliri
310 2321 464 2414 cupiebat.
508 2323 580 2414 Qua
609 2338 711 2390 mmen
737 2324 772 2391 in
791 2346 826 2390 re
844 2345 884 2390 ne
904 2322 1093 2389 festinantius
1134 2314 1136 2319 ’

169 2456 292 2526 ageret,
313 2464 372 2509 neo
395 2441 599 2509 committeret
622 2458 659 2509 ut
682 2459 877 2537 praematuro
897 2441 1024 2510 oonsilio
1043 2438 1092 2510 of-

169 2557 279 2628 ficeret
296 2560 435 2652 ipsorum
456 2561 605 2648 ingeniis,
627 2559 711 2628 adire
735 2562 841 2628 statuit
862 2555 1039 2630 annuimus
1060 2561 1093 2628 in

168 2678 328 2768 republica
348 2679 447 2762 suos,
470 2682 508 2746 In
531 2680 675 2748 Crassum
696 2681 729 2746 in
748 2680 858 2770 primis
877 2695 910 2744 et
928 2679 1091 2748 M.Anto-

167 2799 278 2882 nium,
300 2820 436 2890 quorum
458 2815 495 2865 ut
518 2815 606 2866 antea
628 2823 718 2892 saepe
737 2815 882 2892 expertus
903 2797 1091 2866 benevolen-

169 2920 244 2985 tiam
261 2935 345 3001 erat,
364 2920 406 2985 ita
426 2943 514 2986 nuno
535 2919 728 3009 potissimum
745 2917 853 2984 iisdem
871 2919 1047 2985 auctoribus
1063 2931 1093 2983 et

108 3110 110 3115 A
168 3038 395 3108 consultoribus
416 3040 462 3104 uti
482 3039 597 3121 voluit,
624 3054 661 3105 ut
690 3040 725 3104 in
745 3037 864 3106 lubrica
888 3034 1092 3104 instituendae

168 3159 317 3254 pueritiae
345 3159 463 3226 ratione
490 3159 550 3224 sibi
581 3157 680 3224 facem
705 3158 917 3252 praeferrent,
938 3175 970 3225 et
990 3173 1093 3251 postea

168 3277 210 3346 ad
230 3275 418 3347 moderanda
441 3275 706 3370 provehendaque
728 3276 829 3343 studia
850 3276 929 3346 filios
949 3279 1091 3366 gravisu-

167 3398 251 3465 simis
273 3396 403 3468 consiliis
424 3394 634 3485 adjuvarent.¹
657 3398 738 3464 Nam
759 3397 897 3489 quamvis
916 3397 983 3490 ipse
1003 3397 1093 3466 elit-

168 3532 303 3582 terarum
323 3515 430 3587 studiis
452 3516 622 3610 plurimum
642 3516 835 3609 profecerat,
856 3533 888 3583 et
910 3516 970 3585 bac
996 3510 1092 3611 praess

167 3637 272 3705 sertim
292 3635 381 3704 laude
403 3636 473 3703 tales
500 3639 560 3704 sibi
588 3638 666 3704 viros
695 3636 893 3720 devinxerat,
915 3652 1020 3703 tamen
1036 3661 1090 3703 re-

166 3770 268 3824 motus
288 3781 304 3821 a
325 3755 408 3822 civili
426 3758 505 3840 tite,
525 3772 618 3846 atque
643 3757 810 3823 inumbra
839 3755 904 3822 fere
927 3756 1089 3847 municipii

165 3873 301 3961 latitans,
320 3873 448 3945 arduam
460 3900 533 3953 sem
549 3875 738 3973 plenamque
761 3877 842 3983 curis
862 3876 1091 3953 libentissimus
