2536 4724
629 390 671 456 60

214 560 373 650 Augustae
399 584 472 642 vera
501 583 576 646 ceso
609 572 648 629 aa
680 558 796 633 deinde
823 574 981 637 contemta
1005 558 1109 654 jacuit

170 682 238 769 ejus
259 681 368 774 poesis.
418 680 491 771 Qua
514 679 555 747 dc
577 704 613 747 re
634 679 776 747 audiatur
799 670 1056 771 Quinctiliunuss
1075 681 1112 751 t).

174 797 275 883 Quem
294 805 396 885 emin,
414 801 539 893 inquit,
563 812 597 867 et
613 823 745 866 suorum
760 800 903 866 homines
922 810 1106 889 temporum

172 922 331 986 incessere
358 921 526 986 audebant
553 931 593 986 nt
623 921 825 986 tumidiorem
857 929 890 985 et
918 918 1107 1004 demmin,

171 1048 205 1105 ot
223 1039 482 1122 redundantem,
508 1050 542 1105 et
560 1043 598 1104 in
618 1040 866 1127 repetitionibus
886 1041 1049 1120 nimium,
1069 1047 1104 1105 et

171 1162 208 1223 in
226 1161 351 1224 salibus
371 1159 553 1246 aliquando
561 1160 755 1248 frigidum,
775 1169 809 1225 et
823 1161 860 1225 in
876 1162 1105 1247 omnposilione

161 1276 337 1362 fractum,
384 1281 603 1344 exsultantem
644 1303 685 1344 ac
711 1302 824 1368 paene
856 1275 959 1367 (quod
978 1279 1110 1369 pauculi

170 1397 270 1485 absit)
292 1400 363 1462 oiro
384 1401 585 1484 molliorem,
618 1399 753 1464 mandem
768 1408 888 1488 postea
908 1420 1008 1487 quam
1033 1403 1101 1464 tri-

171 1518 330 1582 umvirali
339 1522 583 1607 mosanptione
602 1528 788 1583 consumtus
809 1527 875 1600 est,
889 1520 1022 1606 passim
1039 1521 1105 1604 qui

169 1634 324 1720 oderant,
343 1642 404 1725 qni
416 1636 624 1722 invidebant,
643 1640 703 1725 qni
719 1635 1102 1719 aemulabantur,'ada·.

172 1753 294 1820 latores
314 1761 413 1821 etiam
422 1761 615 1846 praesentis
628 1760 813 1846 potentiae,
834 1779 901 1821 non
920 1776 1101 1847 responsu-

169 1895 244 1938 rum
274 1878 476 1941 invaserunt.
523 1874 616 1942 Unde
643 1877 713 1941 satis
745 1874 869 1965 liquet,
901 1890 1100 1942 saeuum

170 1990 325 2079 Augusti,
362 2011 394 2082 et
428 2011 534 2085 poetes
570 2009 601 2059 et
636 1995 821 2086 scriptores,
863 1989 985 2060 invidit
1019 1991 1100 2058 tenti

169 2114 304 2179 nominis
339 2113 412 2179 veri
444 2128 498 2178 aut
527 2111 688 2197 simulati,
722 2114 908 2179 obtrectasse
940 2105 1097 2179 Cicaunis

166 2229 321 2298 laudibus.
365 2228 515 2298 Videmus
545 2233 659 2318 igitur,
695 2235 842 2326 exceptis'
865 2234 993 2325 paucis,
1025 2231 1095 2324 ple-

153 2374 282 2449 *rosque
316 2353 476 2417 communi
505 2351 629 2439 judicio
657 2354 846 2445 improbasse
876 2355 944 2440 ejus
977 2353 1096 2445 poesin.

168 2467 267 2559 Quod
289 2469 475 2557 significavit
492 2475 530 2538 L.
552 2472 701 2539 Annaeus
722 2473 849 2541 Seneca.
867 2475 895 2541 2)
938 2471 1015 2540 Non
1035 2495 1095 2538 ae·

167 2592 242 2677 quis
281 2590 443 2678 qnondam
480 2594 583 2656 omlis
617 2593 750 2676 vidisti,
782 2596 862 2680 qnia
895 2591 936 2658 de
966 2594 1094 2682 ingenio

169 2719 225 2774 tuo
243 2712 330 2774 male
353 2711 479 2775 locutus
502 2721 559 2776 est.
587 2709 718 2800 flecma
736 2711 822 2775 baria
840 2711 975 2799 legem?
1005 2709 1092 2799 Ergo

171 2836 203 2892 le
225 2825 375 2911 Ennius,
400 2850 464 2914 qno
486 2851 553 2893 non
573 2828 766 2910 delectaris,
792 2829 930 2893 odisset:
953 2838 985 2894 et
1005 2826 1090 2895 Hor·

171 2950 297 3011 tensius
317 2949 497 3012 simultates
520 2949 581 3013 tibi
600 2947 775 3014 indiceret:
793 2959 826 3013 et
842 2946 975 3032 Cicero,
993 2952 1026 3014 si
1035 2947 1091 3013 do·

168 3066 295 3132 rideres
322 3067 394 3152 ejus
420 3072 594 3151 carmina,
619 3070 770 3132 inimicus
790 3076 881 3132 esset.
916 3069 959 3133 Et
983 3066 1094 3135 Seneca

168 3184 307 3253 Rhetors
327 3183 355 3253 ⁵)
389 3183 578 3281 Ciceronem
597 3187 783 3274 eloquentia
804 3190 920 3263 suain
939 3189 1093 3254 carmini·

170 3307 229 3370 bus
246 3306 403 3372 destituit.
447 3301 566 3370 Eadem
582 3305 733 3368 sententia
754 3319 799 3368 est
818 3303 965 3371 Auctoris
988 3298 1092 3390 dialogi

169 3424 210 3490 de
236 3423 448 3509 Oratoribus,
466 3422 495 3493 4)
521 3427 593 3516 qui,
614 3421 757 3508 Caesar,
776 3424 897 3514 inquit,
921 3435 954 3491 et
972 3424 1094 3492 Brutus

161 3544 322 3638 focerunt
343 3549 442 3610 etiam
463 3549 614 3610 carmina
639 3554 673 3610 et
697 3549 734 3609 in
759 3543 981 3611 Bibliothecae
1003 3556 1095 3612 retu-

171 3665 300 3748 lerunt,
333 3688 398 3729 non
427 3667 543 3730 melius
570 3687 669 3752 quam
699 3662 831 3748 Cicero,
867 3674 906 3730 at
931 3666 1099 3751 felicius,

203 3853 230 3921 ι)
250 3851 646 3923 u.xu.10.cf.spnsug.
681 3856 726 3924 -2)
745 3859 790 3907 ni
810 3858 865 3907 na
882 3817 905 3906 ἰ.
927 3856 985 3908 111.
1006 3873 1033 3909 e.
1055 3855 1106 3926 ⁵7·

168 3940 382 4014 Ci.Epist.'107.
394 3944 459 3998 flue.
498 3942 672 4016 b)Deola1n·
693 3945 713 3999 l·
738 3944 794 4000 111.
813 3963 843 4014 p·
864 3944 927 4003 248.
959 3943 991 4016 6)
1009 3964 1035 4003 c.
1054 3961 1106 4000 αι·
