2536 4724
634 409 673 476 10

182 575 277 649 modo
296 578 409 670 negligi
432 581 608 674 patiebatur
631 584 671 653 ι).
713 581 797 652 Huic
823 589 927 651 antam
947 582 1117 660 acenimae

183 700 374 768 contentioni
384 718 551 793 parentum
571 724 636 768 nou
655 698 760 768 deerat
779 718 913 794 uterque
933 701 1038 789 filius,
1057 701 1115 772 sed

179 817 412 886 aemulabantur
434 821 516 886 inter
539 844 589 905 se,
614 836 649 887 ut
676 821 790 912 pietate
817 845 872 888 sua
899 838 988 890 tanto
1014 823 1116 892 amori

180 937 426 1031 responderent,
448 954 484 1004 ut
505 956 727 1007 venerarentur
748 939 834 1026 illos,
858 938 1028 1032 debitaque
1049 944 1114 1010 ob-

178 1077 345 1128 servarent.
389 1057 487 1155 Quod
504 1059 579 1151 ipsis
599 1058 690 1146 longe
713 1056 872 1127 accidebat
895 1061 1112 1147 gratissimum.

108 1172 111 1179 ’
178 1178 218 1244 ln
235 1179 344 1271 primis
364 1179 457 1264 igitur
477 1179 524 1245 M„
545 1177 665 1244 Tullius
684 1177 744 1245 bac
761 1179 821 1244 sibi
842 1193 912 1243 nata
931 1177 1021 1270 prole
1038 1178 1113 1266 glo·

178 1296 333 1379 riabatur,
363 1320 442 1387 quae
467 1319 533 1362 nou
558 1294 653 1363 modo
680 1298 813 1390 optimos
843 1311 970 1362 naturae
1001 1320 1112 1368 sensus

179 1413 366 1505 explicaret,
381 1412 435 1481 sed
455 1439 534 1506 quae
549 1412 584 1481 id
596 1415 717 1484 efficere
732 1414 900 1507 aliquando
910 1440 946 1483 ac
955 1434 1112 1516 praestare

179 1532 367 1625 reipublicae
392 1551 516 1625 posset,
547 1532 635 1626 quod
665 1536 725 1601 sibi
757 1533 845 1603 valde
876 1537 1114 1632 concupiscenti

178 1668 288 1719 natura
308 1654 484 1740 negavisset.
528 1655 594 1722 Hac
612 1677 668 1747 spe
691 1655 811 1740 erigens
830 1671 862 1721 et
879 1679 1022 1723 recreans
1037 1658 1112 1724 ani-

176 1794 285 1859 mum,
314 1774 394 1841 nihil
416 1773 481 1841 dias
504 1791 675 1865 noctesque
698 1789 762 1841 tam
786 1773 932 1841 ardenter
958 1776 1113 1866 optabat,

177 1919 274 1987 quam
296 1912 333 1962 ut
353 1920 386 1963 se
406 1898 477 1965 vivo
498 1898 637 1983 vigerent
657 1897 691 1960 in
712 1897 835 1964 ciuitate
854 1894 931 1980 filii,
955 1913 989 1964 et
1010 1920 1111 1990 prae·

176 2012 256 2082 alara
282 2018 348 2103 ejus
384 2015 542 2082 communi
575 2038 727 2082 consensu
764 2032 865 2081 essent
897 2016 1107 2107 ornamenta,

175 2134 256 2200 nihil
280 2157 353 2201 vero
389 2133 559 2200 consultius
589 2131 818 2236 meditabatur,
841 2161 936 2226 quam
966 2139 1058 2206 viam·
1074 2156 1113 2208 'et

173 2252 345 2337 rationem,
370 2276 432 2342 qua
460 2254 578 2345 optime
604 2276 711 2319 eorum
741 2256 863 2341 ingenia
890 2256 1110 2328 excoleretuc

173 2369 378 2438 saluberrimis
397 2374 569 2465 praeceptis
590 2375 729 2441 muniret
746 2375 873 2442 animos.
916 2376 1007 2464 Quae
1025 2378 1105 2468 qm·-

174 2486 249 2556 dem
271 2490 394 2558 consilia
415 2508 451 2556 ut
466 2490 604 2559 alacriter
619 2508 854 2583 exsequeretur,
875 2516 944 2584 spes
962 2518 1040 2561 eum·
1053 2518 1109 2564 sua

208 2667 235 2732 1)
255 2664 327 2716 aruc
353 2667 422 2718 Vita
437 2667 492 2717 cte.
511 2683 533 2716 e.
547 2682 572 2716 r·
606 2663 658 2717 Cff.
677 2665 769 2730 Intpp.
789 2692 824 2706 —-
842 2663 902 2717 cic.
922 2667 1104 2738 deIregg·ll.

172 2771 196 2806 c.
212 2767 236 2804 ι.
254 2783 284 2795 -
321 2752 567 2817 AureliusVictor‚
588 2755 621 2806 dc
638 2755 718 2807 Viris
727 2753 826 2806 Illuet.
847 2772 871 2807 c.
882 2757 927 2809 8ι.
944 2786 981 2801 -
997 2781 1000 2786 ⁸
1018 2757 1054 2808 lu
1071 2758 1105 2812 Β.

174 2842 281 2896 Aranni
306 2847 507 2896 Ciceronovua.
532 2870 572 2890 ι-
617 2844 644 2896 J.
657 2845 761 2911 Angelo
770 2845 804 2895 de
815 2846 974 2911 Scarparia,
991 2849 1105 2901 Hister·

172 2932 310 2988 Narratio
320 2935 353 2986 de
363 2936 424 2985 vita
434 2934 567 3004 rebusque
575 2935 664 3002 gestis
676 2937 733 2987 Cic.
760 2936 802 2987 ed.
824 2935 997 3006 Wolffgaugo
1009 2936 1103 2989 Peria-

171 3030 231 3076 tero
244 3023 376 3087 Borusso,
400 3023 502 3075 Berlini
520 3023 592 3077 1581.
631 3023 704 3093 (Hoc
714 3027 870 3091 opusculum
883 3029 1043 3080 verbotenus
1054 3046 1102 3080 re.

169 3114 224 3166 sert
247 3113 353 3166 Aretini
373 3115 529 3171 Ciceronem
541 3113 665 3180 novum).
681 3143 711 3154 -
741 3117 771 3167 S.
784 3113 915 3179 Corradi,
939 3118 1103 3187 Quaestum

172 3206 227 3257 otc.
245 3201 405 3270 ‘qu-sqq.
432 3231 461 3244 -
497 3202 592 3254 Franc.
613 3202 755 3256 Fabricius
772 3203 1005 3270 Marcodaranus,
1029 3209 1104 3265 Vita

171 3294 228 3345 otc.
235 3310 383 3363 perennes
393 3293 511 3360 digesta.
528 3316 560 3329 -
577 3290 741 3355 Facciolati‚
759 3295 829 3345 Vita
842 3296 898 3345 Cic.
908 3294 1053 3347 literaria.
1069 3321 1102 3339 -·

168 3380 328 3446 Fabricius,
344 3381 421 3433 Bibl.
432 3382 500 3432 Dat.
517 3381 542 3432 1.
552 3383 609 3434 αθ.
618 3399 644 3448 Ρ.
655 3383 688 3451 89
696 3399 756 3450 sqq.
775 3408 806 3421 -
829 3381 971 3435 Funccius.
989 3385 1023 3435 de
1036 3386 1101 3438 Vir.

169 3471 234 3524 Aet.
242 3471 384 3542 lingdiat.
403 3469 432 3520 Ρ.
442 3469 483 3521 11.
493 3487 520 3536 Ρ.
528 3469 562 3540 59
569 3488 631 3539 sqq.
640 3486 676 3512 ⁴-
688 3471 800 3536 Harles‚
812 3473 1100 3528 Notitianitrdtom.

167 3558 202 3612 C.
214 3558 270 3611 ΙΙΙ.
288 3564 304 3628 §
325 3580 350 3613 2·
367 3586 399 3602 -
416 3558 442 3612 J.
449 3559 487 3610 M.
501 3557 641 3622 Geszner,
659 3560 749 3611 lichen
762 3561 912 3613 Ciceronis·
929 3561 1101 3629 (obsecrans.

171 3649 260 3700 Cicer.
277 3647 342 3698 lena
354 3649 440 3718 1734)
453 3676 485 3689 -
495 3648 663 3712 Middlctou,
683 3651 748 3721 Life
758 3651 793 3720 os
799 3651 855 3702 cic.
876 3649 898 3700 l.
908 3665 937 3714 p.
948 3649 977 3702 51
992 3667 1055 3720 sqq.
1064 3679 1100 3696 -

168 3737 316 3801 Wieland,
328 3740 443 3790 Oicero’s
453 3741 557 3811 Briefe.
576 3747 597 3789 t.
607 3739 630 3790 l.
648 3757 675 3804 Ρ.
687 3739 704 3789 3
714 3756 820 3806 sqq.-
838 3737 924 3790 Erscb
932 3759 958 3790 u.
967 3739 1096 3805 Grub'er,

167 3827 321 3898 Euryclop.
339 3829 385 3879 der
400 3829 485 3881 Wiss.
503 3848 531 3880 u.
548 3831 652 3880 Kunst.
670 3837 689 3880 t.
706 3828 802 3884 XVII.
819 3831 918 3894 peres.
935 3856 967 3871 -
1002 3829 1095 3896 Biibr,

160 3917 268 3970 'Gescla
279 3918 497 3970 der-Remmia.
508 3935 537 3985 Ρ.
547 3918 596 3988 357
608 3935 670 3987 sqq.
684 3940 724 3963 -ι
740 3917 880 3989 l'resling,
903 3921 975 3985 W}
987 3921 1101 3986 (licli-

167 4016 278 4074 ἐριθία,
296 4009 396 4061 inserta
410 4006 509 4061 dunel.
524 4007 608 4083 Apud.
619 4007 684 4076 Traj
697 4008 830 4061 1832-35.
