2536 4724
611 368 654 434 8¹4

173 570 235 642 que
258 541 343 639 apud
372 540 459 610 illum
482 539 523 609 ad
547 542 684 634 eorporis
712 541 841 609 humani
864 541 1099 611 similitudinem

167 679 236 733 erat
258 677 440 754 comparata.
484 663 614 728 Ferebat
634 685 666 727 se
682 659 825 728 lenonem
844 663 1021 729 animorum
1039 663 1098 731 So-

172 801 289 854 eratesa
303 783 418 874 quibus
433 778 662 868 aegrotantibus
680 778 867 847 medicinam
883 779 994 846 afferre
1007 803 1098 873 ,opus

172 928 264 972 suum
295 902 438 968 habebat.
482 897 757 990 Quemadmodum
786 901 879 985 igitur
900 897 1099 983 medicum

170 1046 279 1092 curare
309 1036 465 1107 aegrotum
500 1018 594 1103 velit,
622 1030 788 1110 postquam
818 1020 968 1108 persuasit
993 1020 1040 1102 ei,
1066 1033 1098 1085 ut

174 1143 365 1210 curationem
388 1137 530 1204 admittat
542 1188 556 1222 ‚.
574 1138 636 1205 hoe
667 1140 750 1224 agit,
783 1153 819 1202 ut
848 1136 979 1229 pessima
1006 1140 1096 1228 quae-

172 1284 236 1351 que
265 1257 433 1349 suadesque
468 1260 565 1324 variae
594 1257 804 1349 expellantur,
831 1257 873 1322 ita
901 1256 1098 1349 philosophae

174 1402 302 1470 quoque
334 1401 389 1461 ea,
431 1401 510 1468 qrrae
538 1378 611 1468 quis
637 1379 677 1442 ab
713 1353 841 1442 ineunte
879 1393 978 1443 aetate
1007 1376 1096 1471 prael

174 1495 397 1564 consuetudine
423 1497 588 1588 pravisque
621 1497 793 1587 praeceptis
818 1497 994 1580 contraxit,
1023 1494 1093 1561 mala

174 1617 279 1684 tollere
312 1615 424 1702 debet,
448 1640 488 1681 ne
510 1615 644 1707 amplius
663 1616 911 1707 praestringatur
932 1614 981 1681 his
1001 1618 1095 1708 impe·

177 1737 323 1805 dimentis
341 1739 452 1803 mentis
474 1739 563 1814 aeies,
588 1734 642 1801 sed
665 1737 704 1801 ab
724 1737 759 1800 iis
775 1736 809 1800 in
821 1734 995 1802 libertatem
1010 1759 1094 1828 prot·

176 1882 227 1925 sus
253 1856 443 1926 vindicetur«
471 1862 649 1944 Νομθζοντες
667 1864 750 1942 γὰρ,
771 1870 808 1920 ut
826 1870 873 1920 est
894 1853 980 1944 apud
1001 1855 1095 1922 Plato-

177 2000 251 2045 nem
272 1978 325 2060 ¹),
346 1985 371 2047 oi
405 1979 612 2058 καθαίροντες,
637 1976 732 2059 ὥσπερ
762 1981 787 2044 ol
813 1980 877 2060 περὶ
913 1981 956 2045 τα
977 1979 1094 2058 edum

176 2099 268 2180 ἰατροὶ
296 2098 486 2176 νενομίκασι,
509 2096 555 2173 μή
584 2094 718 2175 τρθτνρον
739 2093 775 2160 ἂν
794 2101 847 2167 τῆς
868 2095 1092 2176 προσφερομένης

175 2221 289 2296 τροφῆς
311 2213 475 2279 ἀπολαύειν
502 2212 640 2276 δύνασθαι
659 2217 768 2289 σῶμα,
791 2211 857 2290 πρὶν
882 2211 921 2278 ἂν
945 2213 988 2276 τοὶ
1012 2213 1094 2292 lere

174 2332 291 2414 θθζοντα
314 2332 344 2395 ἔν
366 2322 461 2408 ἑαυτῷ
476 2329 521 2400 τὶς
543 2327 683 2408 εἀβοθλη,
705 2331 813 2394 ταντθν
842 2328 892 2393 καὶ
916 2331 981 2411 περὶ
1000 2334 1093 2413 ψυχῆς

178 2448 362 2523 διενοήθησαν
383 2447 496 2513 ἐκεῖνον·
519 2446 562 2523 μὴ
581 2445 715 2524 πρότερον
732 2447 825 2519 αὐτην
846 2441 920 2524 ἕξειν
943 2452 1000 2515 τῶν
1017 2468 1093 2528 τροο·

174 2564 343 2648 φερομέναν
371 2563 556 2642 μαθημάτων
587 2562 699 2635 ὄνησιν,
730 2564 796 2642 πρὶν
827 2563 866 2629 ἂν
893 2565 1030 2646 ἐλέγχων
1054 2563 1092 2634 ale

174 2684 224 2749 τθν
246 2680 447 2761 ἐλεγχόμενον
479 2682 521 2751 εἰς
549 2679 695 2760 αἰσχύνην
724 2681 939 2756 καταστήσας,
973 2683 1092 2755 ταρσοῖς

172 2797 344 2879 μαθημασνν
366 2795 519 2872 ἐμποδίους
536 2796 622 2873 δόξας
640 2796 768 2873 ἐξελὼν,
791 2798 915 2876 καθαρὸν
940 2798 1089 2879 clauditur

152 2950 156 2955 ·
173 2889 224 2978 uel
241 2917 341 2978 ταῦτα
361 2912 521 2988 ἡγούμενον
537 2959 546 2983 ,
571 2910 649 2983 darer
661 2907 735 2977 οἶδεν
746 2954 757 2988 ,
769 2914 874 2978 εἰδέναν
888 2913 987 2991 μόνα,
1010 2912 1090 2980 artreio

170 3030 201 3096 δὲ
244 3032 296 3107 μή.
340 3023 393 3090 Sie
423 3024 516 3109 igitur
547 3047 586 3091 ex
616 3025 723 3090 animo
740 3041 931 3116 perpurgato
953 3051 989 3093 ae
1006 3025 1092 3091 libero

166 3144 234 3228 jam
266 3144 416 3210 continuo
447 3143 586 3210 Socrates
620 3142 800 3231 quaerendo
832 3144 1091 3237 comparandoqnt

167 3262 342 3328 obstetricia
369 3285 423 3328 sua
454 3279 520 3328 arte
552 3263 674 3330 virtutis
703 3264 802 3328 omnis
832 3262 1090 3354 prudentiaeque,

168 3405 248 3471 quae
269 3380 380 3446 naturd
408 3383 516 3447 insunt
537 3381 679 3464 homini,
702 3380 856 3472 praeclara
877 3366 995 3448 semina*
1014 3383 1090 3449 exei-

166 3501 252 3566 tarit.
294 3501 401 3566 Fiebat
422 3517 525 3566 autem
548 3503 610 3584 ita,
635 3516 671 3565 ut
694 3525 797 3568 veram
818 3502 911 3568 vitam
932 3502 1089 3571 riverein·

167 3616 336 3719 eipientes,
370 3615 410 3684 ad
443 3617 651 3706 dignosoenda
675 3621 805 3686 maxime
835 3645 890 3705 ea,
914 3647 992 3713 quae
1008 3620 1088 3689 ami-

205 3820 235 3915 ι).
250 3842 338 3914 Sopln
354 3805 383 3914 pi
399 3847 458 3901 250.
476 3850 508 3900 C.
522 3849 559 3904 D·
