2536 4724
615 411 670 458 1111

178 593 260 648 ausu,
290 586 448 653 praesertim
471 583 591 637 Platonis
614 583 712 636 studia.
743 586 841 647 Oratio
864 600 918 655 pro
950 587 979 643 S.
1006 587 1111 636 Roscio

173 657 315 719 ,Amerino
332 674 364 706 ac
391 658 419 707 V
418 654 537 717 carinae.
573 651 746 718 Optimarum
763 652 861 705 artium
881 652 986 713 studia,
1004 655 1032 702 in
1050 655 1114 718 pri-

177 723 231 773 mis
251 739 372 787 poeseos.
391 721 516 773 Justitias
538 736 629 772 sensus
650 719 789 771 tractando
808 718 918 770 Platone
932 721 1112 774 corroborati.

182 790 321 842 Praeclara
342 790 424 840 animi
440 789 527 840 virtus
544 788 573 837 in
594 786 762 853 suscipienda
780 804 856 839 causa
878 787 1003 841 Verrina.
1041 788 1124 841 Pro-⁴

175 868 279 925 pugnat
303 858 466 925 judiciorum
497 855 674 908 sanctitatem.
709 853 884 921 Philosophii
910 856 1054 908 adducitur
1077 855 1110 906 ad

180 943 260 976 serae
280 926 450 994 eloquentiae
472 925 598 976 studium.
627 921 810 988 Reprehensio
833 923 981 976 Hortensii.
1010 925 1112 974 Oratio

174 1012 230 1059 pro
257 994 316 1061 lege
341 994 477 1045 Manilia.
508 993 618 1041 Praetor
642 992 783 1056 Gniphoni
807 991 912 1043 rhetori
929 1007 1037 1056 operam
1055 991 1111 1042 dat.

183 1062 306 1128 Pompeji
322 1061 421 1112 laudes.
441 1059 585 1110 Frontonis
610 1065 637 1109 et
658 1054 776 1110 Manutii
794 1059 905 1127 judicia.
924 1060 1040 1111 Perfecti
1056 1059 1112 1110 im-

176 1133 311 1193 peratoris
337 1129 475 1193 imaginem
502 1127 673 1177 adumbravit
701 1129 818 1188 Cicero,
849 1127 969 1178 Platonis
991 1126 1109 1194 imbutus

175 1195 359 1261 philosophia.
378 1195 550 1259 Comparatio
563 1195 662 1247 Diouis
673 1213 733 1247 cum
746 1191 887 1251 Cicerone.
908 1196 1109 1248 Catiliaoriae.

176 1263 331 1330 ¹Perfectum
353 1263 532 1316 scelestissimi
561 1263 628 1314 civis
644 1263 791 1328 exemplar.
828 1264 969 1316 Orationis
993 1262 1072 1314 color
1093 1277 1109 1310 a

178 1330 289 1386 Platone
309 1333 415 1383 ductus.
434 1331 508 1383 Loca
529 1331 557 1382 in
579 1326 746 1382 Catilinariis
767 1349 826 1384 cum
848 1332 968 1382 Platonis
978 1329 1112 1382 Menexe-

177 1416 212 1450 ue
233 1408 260 1466 et
281 1399 394 1452 Critone
420 1406 571 1467 curnpaurata
618 1398 768 1450 Orationes
785 1416 839 1468 pro
864 1403 984 1452 Murena
1005 1407 1035 1449 et
1079 1414 1119 1448 ro>

175 1464 284 1520 Archia
298 1478 393 1536 poeto.
414 1469 552 1532 ingenium
564 1466 713 1518 Ciceronis.
732 1463 905 1532 Comparatio
922 1415 1109 1532 'philosopliiae

172 1535 286 1586 >Stoicae
306 1545 388 1603 atque
417 1535 605 1586 Academicus.
643 1534 732 1584 Prima
756 1535 784 1583 in
813 1536 982 1587 orationibus
1007 1532 1109 1584 mentio

180 1602 308 1652 Platonis.
325 1605 527 1656 Commendatio
545 1601 626 1668 hujus
642 1601 840 1667 philosophiae.
864 1603 948 1652 Varia
971 1601 1108 1652 hominum

173 1670 275 1737 judicia
295 1669 328 1722 de
350 1672 472 1721 oratione
490 1687 541 1737 pro
562 1668 674 1724 Archia.
692 1669 858 1735 Tempsrum
881 1670 951 1723 ratio
974 1668 1111 1720 habenda.

175 1738 431 1789 Animadversionem
450 1739 484 1789 de
504 1737 645 1790 Ciceronis
669 1737 794 1789 consilio.
830 1738 991 1790 Studiorum
1011 1737 1108 1786 hirma-

173 1810 283 1857 nlorum
300 1804 401 1856 laudes.
429 1806 461 1856 ln
482 1821 511 1854 ea
528 1805 687 1869 praesertim
705 1804 829 1855 oratione
845 1806 1000 1857 dominatur
1014 1804 1108 1869 philo-

166 1873 266 1939 sophia
291 1871 460 1923 Platonis..
494 1904 504 1924 .
538 1903 547 1922 .
584 1904 591 1919 .
628 1906 634 1920 .
671 1905 678 1920 ·
716 1881 723 1921 .’
759 1906 767 1922 .
804 1909 810 1922 .
847 1906 855 1921 .
892 1908 899 1924 .
936 1871 1108 1937 past-200.

451 2226 828 2294 -GAPUT1V.·

399 2417 431 2466 ΙΙ.
455 2420 556 2468 tuton
578 2421 734 2469 CICERONIS
758 2421 881 2468 olttoot
1073 2485 1075 2490 Ι

254 2530 286 2575 lll
313 2528 417 2575 Pulsus
438 2528 480 2574 BE
501 2529 689 2588 maousarta
711 2528 750 2576 st·
773 2528 815 2577 DE
836 2528 1019 2576 REPUBLlCd·

270 2680 323 2747 Ab
346 2705 434 2747 anno
456 2687 576 2748 aetatis
597 2672 687 2746 sexto
710 2692 742 2745 et
765 2681 1017 2770 qaaodrageaimo

383 2792 431 2856 ad
449 2795 688 2880 sexagesimum
713 2790 916 2899 secandam..

200 2963 281 3014 Iaibri
301 2965 333 3013 de
353 2965 525 3014 Oratore·-
538 2961 636 3014 Eorum
657 2962 743 3014 forma
766 2961 905 3016 Platonica
926 2971 976 3014 est.
1012 2961 1102 3014 Phae.

169 3029 208 3080 dri
231 3030 363 3081 Platonici
384 3039 412 3082 et
443 3029 557 3081 Politian
581 3030 708 3097 vestigia.
736 3029 865 3083 Narratio
887 3033 983 3082 mortis
1012 3032 1102 3084 Crassi

171 3099 254 3150 refert
274 3097 451 3151 Phaedonem.
490 3097 602 3149 Phaedri
623 3099 700 3150 lncna
719 3100 890 3149 adumbratus
909 3099 938 3149 in
959 3099 1011 3152 hoc
1028 3116 1098 3165 ope-

169 3181 217 3227 re,
240 3183 381 3232 expressus
394 3169 421 3216 iu
441 3170 569 3219 Oratore.
587 3193 618 3207 -
639 3167 784 3218 Librorum
802 3174 993 3232 argumentum.
1012 3166 1100 3216 Phae-

168 3232 230 3284 drus
262 3233 382 3283 Platonis
407 3233 484 3299 plane
516 3235 600 3299 spirat
621 3235 648 3283 in
675 3235 731 3284 iis:
771 3234 895 3285 simiziter
918 3235 945 3284 in
971 3238 1097 3286 Oratore.

170 3303 275 3353 Artium
298 3319 436 3353 commune
453 3303 598 3353 vinculum.
638 3300 784 3366 Disciplina
799 3303 984 3354 Posidoniaua.
1020 3301 1098 3355 Doc-

167 3370 235 3419 trina
255 3369 375 3420 Platonis
394 3371 422 3419 in
437 3370 543 3422 Politia.
581 3365 755 3434 Philosophia
778 3369 979 3434 disciplinarum
1001 3377 1096 3428 mater.

168 3437 378 3504 Disciplinarum
397 3439 529 3504 cognatio.
564 3437 714 3488 Consilium
725 3437 865 3489 Ciceronis
881 3438 906 3486 iu
921 3438 1098 3489 conscriben-

166 3505 199 3555 do
224 3504 278 3558 hoc
299 3522 391 3570 opere.-
425 3505 628 3557 Institutionum
651 3503 836 3573 Quinctiliaoi
859 3505 932 3558 fons.
968 3504 1096 3556 Philoso.

165 3575 243 3636 plaiae
264 3574 341 3638 apud·
359 3571 513 3638 Platonem,
533 3572 703 3639 eloquentiae
721 3572 791 3638 apud
812 3572 968 3625 Ciceronem
987 3575 1095 3640 princi-

163 3648 249 3705 patus.
292 3640 402 3693 Indodes
431 3639 597 3692 Graecorum
624 3657 654 3691 ac
681 3641 860 3691 Romanorum
894 3640 1008 3692 divorsa.
1053 3642 1094 3696 Ut

168 3707 242 3758 Plato
269 3707 474 3774 philosophum.
495 3709 531 3757 ita
553 3709 650 3760 Cicero
668 3715 802 3760 oratorem
823 3710 945 3762 futurum
965 3711 1096 3763 instituit.

164 3773 275 3826 Vastum
297 3778 435 3829 Ciceronis
452 3777 585 3844 ingenium
606 3779 731 3828 nnumin
755 3781 845 3842 paucis
862 3787 952 3844 aptum
968 3779 1004 3827 ad
1026 3796 1093 3844 per.

163 3844 311 3907 cipiendum
343 3844 495 3896 Platonicae
525 3844 663 3895 doctrinae
689 3848 887 3910 praestantiam.
942 3849 1050 3898 Brutus
1064 3852 1093 3896 et

163 3915 277 3964 Orator.
312 3911 463 3965 Perfectum
481 3912 596 3964 oratoris
615 3913 759 3981 exemplar.
794 3913 874 3966 Libri
884 3915 915 3964 da
927 3910 1093 3985 Repudlica.
