2536 4724
588 453 652 519 ‚ul

160 630 507 722 im-selidacumbram
534 625 683 698 inducere
706 626 800 698 tanti·
814 626 930 710 ingenii
951 625 1080 716 placita,

162 750 328 844 quamilla
356 751 389 815 in
412 749 722 836 lucem‘seenamque
747 745 824 811 vitae
847 761 940 834 atque
967 744 1007 810 ad
1032 747 1081 813 ci.

160 873 291 945 vitatum
314 868 557 935 emolumentum
584 864 733 957 proferre.
777 863 829 931 Ab
854 864 968 930 horum
992 866 1082 931 exili·
1191 878 1192 883 ’

161 996 222 1056 ta'te
250 1005 281 1054 et
307 987 434 1055 inliceta
455 983 696 1078 philosophandi
723 984 838 1048 ratione
862 981 1085 1050 vindicandum

161 1125 207 1175 est
220 1108 356 1174 liberum
379 1107 537 1175 Ciceronis
559 1105 732 1189 ingenium,
758 1100 843 1192 quod
864 1124 981 1168 summa
998 1101 1083 1169 duc-

163 1244 232 1293 tum
252 1225 385 1293 Platonis
408 1223 629 1305 admiratione,
654 1232 881 1313 suum'semper
898 1223 939 1286 ita
960 1245 1085 1288 cursum

164 1349 282 1425 tenuit,
302 1342 342 1411 vut
363 1344 525 1411 admiratio
546 1343 597 1408 illa
624 1359 655 1407 et
680 1365 817 1430 summus
845 1366 929 1406 amor
956 1365 1021 1406 non
1045 1338 1085 1406 ad
1195 1405 1197 1410 ,

165 1463 433 1546 labefactandum,
447 1462 501 1529 sed
512 1461 552 1528 ad
563 1461 761 1528 excitandum
772 1459 1010 1552 acuendumque
1024 1463 1085 1547 ju-

164 1582 301 1667 dicium,
327 1582 529 1650 conferretur.

206 1706 276 1770 Jam
299 1704 409 1788 igitur,
430 1701 553 1766 remotis
581 1699 615 1762 iis
640 1696 889 1789 impedimentis,
912 1723 990 1789 quae
1013 1725 1086 1787 gra·

163 1824 246 1888 ¹aiter
267 1823 354 1888 omni
377 1844 449 1886 aevo
476 1818 632 1885 Ciceronis
662 1819 836 1884 nocuerunt
855 1819 1088 1905 existimationi,

165 1965 232 2007 non
267 1941 326 2006 erit
359 1938 483 2005 difficile
522 1937 697 2026 explicatu,
742 1936 838 2027 qualis
877 1940 916 2002 sit
945 1937 1090 2008 habenda

168 2058 328 2154 singularis
356 2059 400 2124 vis
439 2074 471 2123 et
505 2056 687 2137 efficacitas,
736 2081 828 2146 quam
852 2056 985 2124 Platonis
1009 2058 1088 2150 phi·

166 2177 303 2268 losophia
346 2178 381 2241 in
421 2178 489 2263 ejus
534 2176 691 2262 ingenium
729 2177 932 2269 animumque
965 2178 1088 2246 habue÷

166 2298 218 2363 rit.
261 2293 358 2386 Quod
389 2312 425 2360 ut
458 2295 584 2387 penitus
614 2295 795 2377 sentiamus,
829 2294 1027 2362 recordemur
1055 2321 1089 2364 ca
1154 2362 1156 2370 ,

166 2436 287 2480 necesse
307 2422 370 2495 est,
397 2436 476 2504 quae
499 2410 736 2496 humanissime,
758 2411 813 2478 sed
833 2437 922 2498 vere,
941 2414 995 2481 sed
1007 2416 1088 2483 libe-'-

165 2556 216 2614 re,
240 2558 339 2623 quum
360 2534 526 2599 Murenam
543 2533 609 2624 ipse
629 2529 839 2614 defenderet,
854 2558 956 2599 coram
964 2536 1012 2600 M.
1025 2538 1088 2602 Ca-

166 2667 239 2716 tone
261 2650 366 2716 Stoico
383 2651 611 2739 pronunciavit.
647 2652 723 2736 Ejus
739 2652 865 2716 enimet
883 2654 1041 2738 ingenium
1059 2673 1091 2722 et

166 2767 339 2834 doctrinam
369 2783 400 2832 et
425 2784 522 2833 cetera
552 2769 655 2836 omnia
683 2791 876 2860 summopere
904 2768 1091 2857 admiratus,

165 2886 260 2954 solam
294 2909 417 2951 morum
447 2888 638 2976 asperitatem
665 2888 796 2978 carpsit,
839 2889 993 2982 simulque
1024 2916 1091 2981 quc

165 3003 260 3073 modo
291 3001 329 3070 ad
366 3003 523 3070 lenitatem
553 3029 589 3070 ac
616 3005 883 3072 mansuetudinem
919 3011 1091 3100 potuissent

166 3123 309 3207 relaxari,
332 3121 452 3192 laudat
471 3122 603 3189 Platonis
625 3123 839 3217 philosophia,
861 3126 1033 3218 explanavit
1049 3130 1088 3196 ²).
1182 3124 1184 3133 ¹

168 3245 251 3310 Cum
279 3240 386 3308 eodem
412 3259 515 3309 antem
533 3241 654 3328 fingens
674 3245 732 3308 sibi
754 3244 896 3312 habitum
916 3270 1089 3315 sermonem

166 3365 203 3429 in
236 3385 328 3454 opere
357 3359 398 3427 de
420 3363 568 3443 Finibus,
591 3361 673 3429 hano
701 3363 876 3454 palmariam
908 3368 1090 3436 sententiam

168 3480 302 3571 reliquae
319 3481 474 3567 interjecit
492 3479 708 3570 disputationis
733 3486 754 3548 '»
774 3483 889 3573 Quid?
912 3487 936 3550 si
960 3488 1088 3554 revivis-

153 3596 241 3667 ¹cant
273 3599 414 3666 Platonis·
435 3598 478 3666 illi
505 3597 541 3686 (s.
573 3599 749 3693 discipuli),
792 3620 824 3669 et
853 3603 1009 3695 deinceps,
1033 3609 1089 3697 qui

111 3814 113 3818 Ι
167 3743 276 3788 ectum
304 3716 455 3785 auditores
476 3717 626 3810 suerunt,
646 3735 679 3784 et
706 3736 810 3788 tecum
830 3723 870 3789 ita
893 3721 1088 3814 loquantur?

207 3977 296 4044 tJCf.
317 3977 638 4045 onocentauros.
658 3993 735 4045 sqq„
780 3999 789 4027 ι
832 3997 881 4022 ..ι
935 3995 941 4004 ·
988 4012 993 4019 ,
