<?xml version="1.0" encoding="UTF-8"?>
<!DOCTYPE html PUBLIC "-//W3C//DTD XHTML 1.0 Transitional//EN"
    "http://www.w3.org/TR/xhtml1/DTD/xhtml1-transitional.dtd">
<html xmlns="http://www.w3.org/1999/xhtml" xml:lang="en" lang="en">
 <head>
  <title>
</title>
<meta http-equiv="Content-Type" content="text/html;charset=utf-8" />
  <meta name='ocr-system' content='tesseract 3.04.00' />
  <meta name='ocr-capabilities' content='ocr_page ocr_carea ocr_par ocr_line ocrx_word'/>
</head>
<body>
  <div class='ocr_page' id='page_1' title='image "./mtulliuscicerop00kolkgoog_0082.png"; bbox 0 0 2536 4724; ppageno 0'>
   <div class='ocr_carea' id='block_1_1' title="bbox 502 402 544 495">
    <p class='ocr_par' dir='ltr' id='par_1_1' title="bbox 502 402 544 495">
     <span class='ocr_line' id='line_1_1' title="bbox 502 402 544 495; baseline 0 -30"><span class='ocrx_word' id='word_1_1' title='bbox 502 402 544 495; x_wconf 69' lang='lat' dir='ltr'>aa</span> 
     </span>
    </p>
   </div>
   <div class='ocr_carea' id='block_1_2' title="bbox 37 571 1101 3528">
    <p class='ocr_par' dir='ltr' id='par_1_2' title="bbox 54 571 1101 2103">
     <span class='ocr_line' id='line_1_2' title="bbox 54 571 993 665; baseline 0.001 -26"><span class='ocrx_word' id='word_1_2' title='bbox 54 571 259 662; x_wconf 65' lang='lat' dir='ltr'>scriptoribus</span> <span class='ocrx_word' id='word_1_3' title='bbox 281 585 416 639; x_wconf 78' lang='lat' dir='ltr'>versatus</span> <span class='ocrx_word' id='word_1_4' title='bbox 437 581 492 637; x_wconf 81' lang='lat' dir='ltr'>est.</span> <span class='ocrx_word' id='word_1_5' title='bbox 527 571 645 639; x_wconf 78' lang='lat' dir='ltr'>Fusius</span> <span class='ocrx_word' id='word_1_6' title='bbox 674 573 765 639; x_wconf 88' lang='lat' dir='ltr'>etiam</span> <span class='ocrx_word' id='word_1_7' title='bbox 791 576 902 665; x_wconf 80' lang='lat' dir='ltr'>poesin</span> <span class='ocrx_word' id='word_1_8' title='bbox 927 575 993 661; x_wconf 80' lang='lat' dir='ltr'>ejus</span> 
     </span>
     <span class='ocr_line' id='line_1_3' title="bbox 57 689 999 785; baseline 0.002 -27"><span class='ocrx_word' id='word_1_9' title='bbox 57 691 238 782; x_wconf 77' lang='lat' dir='ltr'>ingeniique</span> <span class='ocrx_word' id='word_1_10' title='bbox 252 691 287 756; x_wconf 88' lang='lat' dir='ltr'>in</span> <span class='ocrx_word' id='word_1_11' title='bbox 301 689 365 756; x_wconf 87' lang='lat' dir='ltr'>hac</span> <span class='ocrx_word' id='word_1_12' title='bbox 379 705 443 756; x_wconf 87' lang='lat' dir='ltr'>arte</span> <span class='ocrx_word' id='word_1_13' title='bbox 459 707 662 759; x_wconf 84' lang='lat' dir='ltr'>monumenta</span> <span class='ocrx_word' id='word_1_14' title='bbox 676 689 888 777; x_wconf 81' lang='lat' dir='ltr'><strong>lustravimus,</strong></span> <span class='ocrx_word' id='word_1_15' title='bbox 907 691 999 785; x_wconf 70' lang='lat' dir='ltr'>quoii</span> 
     </span>
     <span class='ocr_line' id='line_1_4' title="bbox 57 810 1101 901; baseline 0.001 -22"><span class='ocrx_word' id='word_1_16' title='bbox 57 835 125 879; x_wconf 85' lang='lat' dir='ltr'>non</span> <span class='ocrx_word' id='word_1_17' title='bbox 143 810 301 879; x_wconf 79' lang='lat' dir='ltr'>solum&#39;ah</span> <span class='ocrx_word' id='word_1_18' title='bbox 328 832 362 875; x_wconf 90' lang='lat' dir='ltr'>ea</span> <span class='ocrx_word' id='word_1_19' title='bbox 384 811 462 877; x_wconf 87' lang='lat' dir='ltr'>vitae</span> <span class='ocrx_word' id='word_1_20' title='bbox 488 811 680 879; x_wconf 89' lang='lat' dir='ltr'>curriculum</span> <span class='ocrx_word' id='word_1_21' title='bbox 703 829 749 878; x_wconf 87' lang='lat' dir='ltr'>est</span> <span class='ocrx_word' id='word_1_22' title='bbox 770 837 910 896; x_wconf 86' lang='lat' dir='ltr'>exorsus,</span> <span class='ocrx_word' id='word_1_23' title='bbox 936 817 995 880; x_wconf 79' lang='lat' dir='ltr'>ve&#39;-&#39;</span> <span class='ocrx_word' id='word_1_24' title='bbox 1099 898 1101 901; x_wconf 22' lang='grc' dir='ltr'>Ι</span> 
     </span>
     <span class='ocr_line' id='line_1_5' title="bbox 56 921 994 1023; baseline -0.004 -24"><span class='ocrx_word' id='word_1_25' title='bbox 56 954 132 1009; x_wconf 74' lang='lat' dir='ltr'>rum</span> <span class='ocrx_word' id='word_1_26' title='bbox 149 921 245 999; x_wconf 76' lang='lat' dir='ltr'>etiam</span> <span class='ocrx_word' id='word_1_27' title='bbox 265 931 384 1016; x_wconf 80' lang='lat' dir='ltr'>ingenti</span> <span class='ocrx_word' id='word_1_28' title='bbox 402 928 509 1013; x_wconf 89' lang='lat' dir='ltr'>studio</span> <span class='ocrx_word' id='word_1_29' title='bbox 527 929 566 996; x_wconf 86' lang='lat' dir='ltr'>ad</span> <span class='ocrx_word' id='word_1_30' title='bbox 588 930 760 1023; x_wconf 86' lang='lat' dir='ltr'>parandam</span> <span class='ocrx_word' id='word_1_31' title='bbox 780 933 839 998; x_wconf 88' lang='lat' dir='ltr'>sibi</span> <span class='ocrx_word' id='word_1_32' title='bbox 857 936 924 1021; x_wconf 88' lang='lat' dir='ltr'>ejus</span> <span class='ocrx_word' id='word_1_33' title='bbox 942 933 994 1000; x_wconf 54' lang='lat' dir='ltr'>fa«</span> 
     </span>
     <span class='ocr_line' id='line_1_6' title="bbox 57 1049 998 1135; baseline -0.001 -16"><span class='ocrx_word' id='word_1_34' title='bbox 57 1051 210 1119; x_wconf 66' lang='lat' dir='ltr'>salutem</span> <span class='ocrx_word' id='word_1_35' title='bbox 231 1049 404 1116; x_wconf 85' lang='lat' dir='ltr'>elaboravit.</span> <span class='ocrx_word' id='word_1_36' title='bbox 448 1051 572 1117; x_wconf 82' lang='lat' dir='ltr'>Dicitur</span> <span class='ocrx_word' id='word_1_37' title='bbox 595 1053 700 1135; x_wconf 89' lang='lat' dir='ltr'>enim,</span> <span class='ocrx_word' id='word_1_38' title='bbox 721 1051 818 1119; x_wconf 87' lang='lat' dir='ltr'>modo</span> <span class='ocrx_word' id='word_1_39' title='bbox 838 1051 918 1118; x_wconf 86' lang='lat' dir='ltr'>fides</span> <span class='ocrx_word' id='word_1_40' title='bbox 935 1052 998 1118; x_wconf 85' lang='lat' dir='ltr'>ha-</span> 
     </span>
     <span class='ocr_line' id='line_1_7' title="bbox 57 1169 999 1264; baseline -0.001 -26"><span class='ocrx_word' id='word_1_41' title='bbox 57 1169 176 1238; x_wconf 84' lang='lat' dir='ltr'>benda.</span> <span class='ocrx_word' id='word_1_42' title='bbox 192 1171 232 1235; x_wconf 90' lang='lat' dir='ltr'>sit</span> <span class='ocrx_word' id='word_1_43' title='bbox 244 1230 247 1235; x_wconf 91' lang='lat'>.</span> <span class='ocrx_word' id='word_1_44' title='bbox 259 1171 448 1252; x_wconf 79' lang='lat' dir='ltr'>narrationi,</span> <span class='ocrx_word' id='word_1_45' title='bbox 473 1186 573 1237; x_wconf 88' lang='lat' dir='ltr'>metro</span> <span class='ocrx_word' id='word_1_46' title='bbox 594 1172 713 1260; x_wconf 89' lang='lat' dir='ltr'>quoties</span> <span class='ocrx_word' id='word_1_47' title='bbox 731 1172 871 1237; x_wconf 90' lang='lat' dir='ltr'>animum</span> <span class='ocrx_word' id='word_1_48' title='bbox 892 1197 999 1264; x_wconf 82' lang='lat' dir='ltr'>appu·-</span> 
     </span>
     <span class='ocr_line' id='line_1_8' title="bbox 57 1287 999 1383; baseline -0.002 -24"><span class='ocrx_word' id='word_1_49' title='bbox 57 1287 162 1374; x_wconf 80' lang='lat' dir='ltr'>iisset,</span> <span class='ocrx_word' id='word_1_50' title='bbox 183 1313 249 1356; x_wconf 89' lang='lat' dir='ltr'>nou</span> <span class='ocrx_word' id='word_1_51' title='bbox 267 1290 427 1381; x_wconf 86' lang='lat' dir='ltr'>pauciores</span> <span class='ocrx_word' id='word_1_52' title='bbox 447 1295 637 1380; x_wconf 74' lang='lat' dir='ltr'>quingentis</span> <span class='ocrx_word' id='word_1_53' title='bbox 649 1295 794 1357; x_wconf 51' lang='lat' dir='ltr'>casibus</span> <span class='ocrx_word' id='word_1_54' title='bbox 811 1316 870 1383; x_wconf 88' lang='lat' dir='ltr'>per</span> <span class='ocrx_word' id='word_1_55' title='bbox 886 1295 999 1379; x_wconf 82' lang='lat' dir='ltr'>singu-</span> 
     </span>
     <span class='ocr_line' id='line_1_9' title="bbox 57 1409 999 1504; baseline 0.003 -26"><span class='ocrx_word' id='word_1_56' title='bbox 57 1409 230 1478; x_wconf 80' lang='lat' dir='ltr'>lesncctes</span> <span class='ocrx_word' id='word_1_57' title='bbox 253 1434 440 1503; x_wconf 89' lang='lat' dir='ltr'>componere</span> <span class='ocrx_word' id='word_1_58' title='bbox 464 1410 580 1480; x_wconf 88' lang='lat' dir='ltr'>solitus.</span> <span class='ocrx_word' id='word_1_59' title='bbox 602 1414 629 1478; x_wconf 76' lang='grc' dir='ltr'>ι)</span> <span class='ocrx_word' id='word_1_60' title='bbox 666 1413 789 1503; x_wconf 83' lang='lat' dir='ltr'>Quare,</span> <span class='ocrx_word' id='word_1_61' title='bbox 812 1430 999 1504; x_wconf 84' lang='lat' dir='ltr'>anteaquam</span> 
     </span>
     <span class='ocr_line' id='line_1_10' title="bbox 57 1526 999 1626; baseline 0.003 -29"><span class='ocrx_word' id='word_1_62' title='bbox 57 1526 185 1597; x_wconf 77' lang='lat' dir='ltr'>adaiia</span> <span class='ocrx_word' id='word_1_63' title='bbox 211 1553 391 1622; x_wconf 86' lang='lat' dir='ltr'>pergamus,</span> <span class='ocrx_word' id='word_1_64' title='bbox 425 1528 568 1597; x_wconf 87' lang='lat' dir='ltr'>videmur</span> <span class='ocrx_word' id='word_1_65' title='bbox 598 1533 689 1598; x_wconf 87' lang='lat' dir='ltr'>nobis</span> <span class='ocrx_word' id='word_1_66' title='bbox 719 1557 830 1626; x_wconf 82' lang='lat' dir='ltr'>operae</span> <span class='ocrx_word' id='word_1_67' title='bbox 859 1535 999 1625; x_wconf 86' lang='lat' dir='ltr'>pretium</span> 
     </span>
     <span class='ocr_line' id='line_1_11' title="bbox 61 1647 1000 1738; baseline 0.003 -22"><span class='ocrx_word' id='word_1_68' title='bbox 61 1647 194 1735; x_wconf 64' lang='lat' dir='ltr'>iactari,</span> <span class='ocrx_word' id='word_1_69' title='bbox 224 1651 251 1715; x_wconf 86' lang='lat' dir='ltr'>si</span> <span class='ocrx_word' id='word_1_70' title='bbox 277 1651 414 1718; x_wconf 85' lang='lat' dir='ltr'>breviter</span> <span class='ocrx_word' id='word_1_71' title='bbox 437 1649 556 1738; x_wconf 83' lang='lat' dir='ltr'>judicia</span> <span class='ocrx_word' id='word_1_72' title='bbox 585 1649 836 1719; x_wconf 85' lang='lat' dir='ltr'>doctissimorum</span> <span class='ocrx_word' id='word_1_73' title='bbox 850 1655 1000 1720; x_wconf 84' lang='lat' dir='ltr'>¹virorum</span> 
     </span>
     <span class='ocr_line' id='line_1_12' title="bbox 63 1767 999 1862; baseline 0.004 -26"><span class='ocrx_word' id='word_1_74' title='bbox 63 1767 108 1836; x_wconf 80' lang='lat' dir='ltr'>dc</span> <span class='ocrx_word' id='word_1_75' title='bbox 122 1771 338 1858; x_wconf 62' lang='lat' dir='ltr'>-Giceroniana</span> <span class='ocrx_word' id='word_1_76' title='bbox 368 1771 454 1862; x_wconf 86' lang='lat' dir='ltr'>poesi</span> <span class='ocrx_word' id='word_1_77' title='bbox 481 1794 667 1837; x_wconf 85' lang='lat' dir='ltr'>enarremus.</span> <span class='ocrx_word' id='word_1_78' title='bbox 715 1773 819 1859; x_wconf 86' lang='lat' dir='ltr'>Major</span> <span class='ocrx_word' id='word_1_79' title='bbox 840 1773 999 1840; x_wconf 86' lang='lat' dir='ltr'>enim-illa</span> 
     </span>
     <span class='ocr_line' id='line_1_13' title="bbox 61 1868 1000 1983; baseline -0.002 -25"><span class='ocrx_word' id='word_1_80' title='bbox 61 1891 112 1959; x_wconf 77' lang='lat' dir='ltr'>vir</span> <span class='ocrx_word' id='word_1_81' title='bbox 127 1889 207 1976; x_wconf 77' lang='lat' dir='ltr'>fuit,</span> <span class='ocrx_word' id='word_1_82' title='bbox 232 1916 332 1983; x_wconf 86' lang='lat' dir='ltr'>quam</span> <span class='ocrx_word' id='word_1_83' title='bbox 352 1907 389 1956; x_wconf 93' lang='lat' dir='ltr'>ut</span> <span class='ocrx_word' id='word_1_84' title='bbox 412 1893 479 1977; x_wconf 88' lang='lat' dir='ltr'>ejus</span> <span class='ocrx_word' id='word_1_85' title='bbox 503 1892 538 1954; x_wconf 92' lang='lat' dir='ltr'>in</span> <span class='ocrx_word' id='word_1_86' title='bbox 560 1889 663 1982; x_wconf 86' lang='lat' dir='ltr'>aliqua</span> <span class='ocrx_word' id='word_1_87' title='bbox 684 1868 842 1956; x_wconf 72' lang='lat' dir='ltr'>literarum</span> <span class='ocrx_word' id='word_1_88' title='bbox 852 1907 906 1956; x_wconf 84' lang='lat' dir='ltr'>aut</span> <span class='ocrx_word' id='word_1_89' title='bbox 917 1890 1000 1957; x_wconf 85' lang='lat' dir='ltr'>doc-</span> 
     </span>
     <span class='ocr_line' id='line_1_14' title="bbox 64 2008 805 2103; baseline -0.007 -24"><span class='ocrx_word' id='word_1_90' title='bbox 64 2011 165 2079; x_wconf 53' lang='lat' dir='ltr'>uiuae</span> <span class='ocrx_word' id='word_1_91' title='bbox 184 2027 274 2103; x_wconf 88' lang='lat' dir='ltr'>parte</span> <span class='ocrx_word' id='word_1_92' title='bbox 291 2011 390 2103; x_wconf 86' lang='lat' dir='ltr'>posita</span> <span class='ocrx_word' id='word_1_93' title='bbox 413 2008 568 2075; x_wconf 87' lang='lat' dir='ltr'>industria</span> <span class='ocrx_word' id='word_1_94' title='bbox 589 2009 769 2096; x_wconf 81' lang='lat' dir='ltr'>negligatur.</span> <span class='ocrx_word' id='word_1_95' title='bbox 802 2062 805 2066; x_wconf 88' lang='lat'>.</span> 
     </span>
    </p>

    <p class='ocr_par' dir='ltr' id='par_1_3' title="bbox 37 2127 1069 3528">
     <span class='ocr_line' id='line_1_15' title="bbox 107 2127 1000 2222; baseline 0.008 -27"><span class='ocrx_word' id='word_1_96' title='bbox 107 2130 209 2220; x_wconf 81' lang='lat' dir='ltr'>Ipsius</span> <span class='ocrx_word' id='word_1_97' title='bbox 224 2127 356 2221; x_wconf 86' lang='lat' dir='ltr'>quidem</span> <span class='ocrx_word' id='word_1_98' title='bbox 374 2147 470 2197; x_wconf 87' lang='lat' dir='ltr'>aetate</span> <span class='ocrx_word' id='word_1_99' title='bbox 494 2132 558 2219; x_wconf 75' lang='lat' dir='ltr'>quo</span> <span class='ocrx_word' id='word_1_100' title='bbox 581 2132 685 2222; x_wconf 85' lang='lat' dir='ltr'>pretio</span> <span class='ocrx_word' id='word_1_101' title='bbox 702 2129 808 2196; x_wconf 82' lang='lat' dir='ltr'>habita</span> <span class='ocrx_word' id='word_1_102' title='bbox 833 2131 897 2196; x_wconf 90' lang='lat' dir='ltr'>sint</span> <span class='ocrx_word' id='word_1_103' title='bbox 919 2132 1000 2202; x_wconf 82' lang='lat' dir='ltr'>varia</span> 
     </span>
     <span class='ocr_line' id='line_1_16' title="bbox 63 2249 1001 2342; baseline -0.001 -25"><span class='ocrx_word' id='word_1_104' title='bbox 63 2253 132 2342; x_wconf 83' lang='lat' dir='ltr'>ejus</span> <span class='ocrx_word' id='word_1_105' title='bbox 162 2253 322 2335; x_wconf 84' lang='lat' dir='ltr'>carmina,</span> <span class='ocrx_word' id='word_1_106' title='bbox 358 2251 518 2318; x_wconf 86' lang='lat' dir='ltr'>novimus.</span> <span class='ocrx_word' id='word_1_107' title='bbox 535 2274 573 2316; x_wconf 86' lang='lat' dir='ltr'>ex</span> <span class='ocrx_word' id='word_1_108' title='bbox 607 2249 786 2318; x_wconf 87' lang='lat' dir='ltr'>Plutarcho.</span> <span class='ocrx_word' id='word_1_109' title='bbox 816 2249 860 2316; x_wconf 54' lang='lat' dir='ltr'>2i=</span> <span class='ocrx_word' id='word_1_110' title='bbox 899 2259 1001 2341; x_wconf 73' lang='grc' dir='ltr'>Ἐῤῥύη</span> 
     </span>
     <span class='ocr_line' id='line_1_17' title="bbox 65 2373 1002 2458; baseline -0.002 -15"><span class='ocrx_word' id='word_1_111' title='bbox 65 2398 131 2450; x_wconf 70' lang='grc' dir='ltr'>τως</span> <span class='ocrx_word' id='word_1_112' title='bbox 151 2373 360 2458; x_wconf 68' lang='grc' dir='ltr'>προθυμότερον</span> <span class='ocrx_word' id='word_1_113' title='bbox 373 2375 422 2440; x_wconf 73' lang='grc' dir='ltr'>ἐπὶ</span> <span class='ocrx_word' id='word_1_114' title='bbox 443 2376 760 2456; x_wconf 54' lang='grc' dir='ltr'>ποιητικήν-προϊὼν</span> <span class='ocrx_word' id='word_1_115' title='bbox 782 2377 812 2441; x_wconf 74' lang='grc' dir='ltr'>δὲ</span> <span class='ocrx_word' id='word_1_116' title='bbox 830 2376 872 2456; x_wconf 73' lang='grc' dir='ltr'>τῷ</span> <span class='ocrx_word' id='word_1_117' title='bbox 890 2375 1002 2457; x_wconf 76' lang='grc' dir='ltr'><em>χρόνῳ,</em></span> 
     </span>
     <span class='ocr_line' id='line_1_18' title="bbox 66 2491 1005 2574; baseline -0.007 -11"><span class='ocrx_word' id='word_1_118' title='bbox 66 2495 120 2563; x_wconf 68' lang='grc' dir='ltr'>καὶ</span> <span class='ocrx_word' id='word_1_119' title='bbox 156 2493 359 2574; x_wconf 75' lang='grc' dir='ltr'>ποικιλώτερον</span> <span class='ocrx_word' id='word_1_120' title='bbox 396 2491 562 2572; x_wconf 66' lang='grc' dir='ltr'><em>ἁπτόμενος</em></span> <span class='ocrx_word' id='word_1_121' title='bbox 615 2491 679 2573; x_wconf 79' lang='grc' dir='ltr'>περὶ</span> <span class='ocrx_word' id='word_1_122' title='bbox 717 2497 820 2558; x_wconf 66' lang='grc' dir='ltr'><em>ταῦτα</em></span> <span class='ocrx_word' id='word_1_123' title='bbox 855 2493 1005 2568; x_wconf 79' lang='grc' dir='ltr'><em>Μούσης,</em></span> 
     </span>
     <span class='ocr_line' id='line_1_19' title="bbox 65 2604 1069 2693; baseline -0.005 -12"><span class='ocrx_word' id='word_1_124' title='bbox 65 2613 165 2693; x_wconf 77' lang='grc' dir='ltr'><strong><em>ἔδοξεν</em></strong></span> <span class='ocrx_word' id='word_1_125' title='bbox 182 2615 215 2679; x_wconf 76' lang='grc' dir='ltr'>οὐ</span> <span class='ocrx_word' id='word_1_126' title='bbox 231 2610 321 2690; x_wconf 57' lang='grc' dir='ltr'><em>’μόνον</em></span> <span class='ocrx_word' id='word_1_127' title='bbox 341 2611 432 2692; x_wconf 77' lang='grc' dir='ltr'><em>ῥήτωρ</em></span> <span class='ocrx_word' id='word_1_128' title='bbox 452 2609 538 2675; x_wconf 68' lang='lat' dir='ltr'>siae</span> <span class='ocrx_word' id='word_1_129' title='bbox 557 2609 607 2674; x_wconf 76' lang='lat' dir='ltr'>eui</span> <span class='ocrx_word' id='word_1_130' title='bbox 635 2609 756 2682; x_wconf 70' lang='lat' dir='ltr'>notarie</span> <span class='ocrx_word' id='word_1_131' title='bbox 781 2607 899 2688; x_wconf 67' lang='grc' dir='ltr'>ἄριστος</span> <span class='ocrx_word' id='word_1_132' title='bbox 926 2604 1000 2677; x_wconf 68' lang='grc' dir='ltr'><strong><em>εἶναι</em></strong></span> <span class='ocrx_word' id='word_1_133' title='bbox 1067 2641 1069 2649; x_wconf 93' lang='grc'><em>·</em></span> 
     </span>
     <span class='ocr_line' id='line_1_20' title="bbox 37 2718 1005 2814; baseline 0 -26"><span class='ocrx_word' id='word_1_134' title='bbox 37 2748 41 2755; x_wconf 94' lang='grc'><strong><em>·</em></strong></span> <span class='ocrx_word' id='word_1_135' title='bbox 64 2729 233 2809; x_wconf 56' lang='grc' dir='ltr'>Ῥωμαίων.</span> <span class='ocrx_word' id='word_1_136' title='bbox 287 2721 386 2813; x_wconf 88' lang='lat' dir='ltr'>Quod</span> <span class='ocrx_word' id='word_1_137' title='bbox 410 2738 514 2788; x_wconf 86' lang='lat' dir='ltr'>autem</span> <span class='ocrx_word' id='word_1_138' title='bbox 535 2721 644 2789; x_wconf 87' lang='lat' dir='ltr'>Attico</span> <span class='ocrx_word' id='word_1_139' title='bbox 664 2718 752 2790; x_wconf 84' lang='lat' dir='ltr'>vaide</span> <span class='ocrx_word' id='word_1_140' title='bbox 772 2737 916 2814; x_wconf 85' lang='lat' dir='ltr'>poemata</span> <span class='ocrx_word' id='word_1_141' title='bbox 938 2724 1005 2810; x_wconf 88' lang='lat' dir='ltr'>ejus</span> 
     </span>
     <span class='ocr_line' id='line_1_21' title="bbox 65 2841 1006 2936; baseline -0.002 -26"><span class='ocrx_word' id='word_1_142' title='bbox 65 2841 258 2936; x_wconf 86' lang='lat' dir='ltr'>placuerunt</span> <span class='ocrx_word' id='word_1_143' title='bbox 289 2841 401 2933; x_wconf 89' lang='lat' dir='ltr'>aliique</span> <span class='ocrx_word' id='word_1_144' title='bbox 438 2866 472 2907; x_wconf 89' lang='lat' dir='ltr'>ea</span> <span class='ocrx_word' id='word_1_145' title='bbox 505 2866 648 2927; x_wconf 83' lang='lat' dir='ltr'>magnam</span> <span class='ocrx_word' id='word_1_146' title='bbox 686 2857 808 2932; x_wconf 88' lang='lat' dir='ltr'>partem</span> <span class='ocrx_word' id='word_1_147' title='bbox 842 2842 1006 2908; x_wconf 87' lang='lat' dir='ltr'>memoriae</span> 
     </span>
     <span class='ocr_line' id='line_1_22' title="bbox 65 2959 1002 3053; baseline -0.009 -23"><span class='ocrx_word' id='word_1_148' title='bbox 65 2960 277 3047; x_wconf 79' lang='lat' dir='ltr'>mandarunt,</span> <span class='ocrx_word' id='word_1_149' title='bbox 296 2961 449 3053; x_wconf 85' lang='lat' dir='ltr'>quodque</span> <span class='ocrx_word' id='word_1_150' title='bbox 460 2962 598 3052; x_wconf 88' lang='lat' dir='ltr'>Quintus</span> <span class='ocrx_word' id='word_1_151' title='bbox 614 2962 725 3027; x_wconf 88' lang='lat' dir='ltr'>Cicero</span> <span class='ocrx_word' id='word_1_152' title='bbox 741 2959 844 3026; x_wconf 85' lang='lat' dir='ltr'>fratris</span> <span class='ocrx_word' id='word_1_153' title='bbox 855 2961 903 3025; x_wconf 92' lang='lat' dir='ltr'>sui</span> <span class='ocrx_word' id='word_1_154' title='bbox 915 2985 1002 3027; x_wconf 42' lang='lat' dir='ltr'>nona</span> 
     </span>
     <span class='ocr_line' id='line_1_23' title="bbox 65 3078 1005 3175; baseline -0.007 -23"><span class='ocrx_word' id='word_1_155' title='bbox 65 3107 237 3175; x_wconf 82' lang='lat' dir='ltr'>nunquam</span> <span class='ocrx_word' id='word_1_156' title='bbox 264 3083 375 3150; x_wconf 77' lang='lat' dir='ltr'>auxilia</span> <span class='ocrx_word' id='word_1_157' title='bbox 402 3083 436 3147; x_wconf 90' lang='lat' dir='ltr'>in</span> <span class='ocrx_word' id='word_1_158' title='bbox 468 3078 641 3147; x_wconf 85' lang='lat' dir='ltr'>scribendis</span> <span class='ocrx_word' id='word_1_159' title='bbox 672 3082 811 3147; x_wconf 83' lang='lat' dir='ltr'>versibus</span> <span class='ocrx_word' id='word_1_160' title='bbox 841 3079 1005 3166; x_wconf 78' lang='lat' dir='ltr'>flagitavit,</span> 
     </span>
     <span class='ocr_line' id='line_1_24' title="bbox 67 3196 1003 3271; baseline -0.004 0"><span class='ocrx_word' id='word_1_161' title='bbox 67 3204 221 3271; x_wconf 84' lang='lat' dir='ltr'>amicitiae</span> <span class='ocrx_word' id='word_1_162' title='bbox 239 3203 365 3271; x_wconf 87' lang='lat' dir='ltr'>fortasse</span> <span class='ocrx_word' id='word_1_163' title='bbox 383 3202 498 3270; x_wconf 87' lang='lat' dir='ltr'>horum</span> <span class='ocrx_word' id='word_1_164' title='bbox 518 3203 657 3268; x_wconf 82' lang='lat' dir='ltr'>virolum</span> <span class='ocrx_word' id='word_1_165' title='bbox 676 3196 918 3266; x_wconf 84' lang='lat' dir='ltr'>adscribendum</span> <span class='ocrx_word' id='word_1_166' title='bbox 938 3215 1003 3268; x_wconf 80' lang='lat' dir='ltr'>est:</span> 
     </span>
     <span class='ocr_line' id='line_1_25' title="bbox 65 3318 1005 3414; baseline -0.005 -25"><span class='ocrx_word' id='word_1_167' title='bbox 65 3321 259 3414; x_wconf 89' lang='lat' dir='ltr'>placuerunt</span> <span class='ocrx_word' id='word_1_168' title='bbox 278 3346 353 3389; x_wconf 83' lang='lat' dir='ltr'>vero</span> <span class='ocrx_word' id='word_1_169' title='bbox 375 3322 468 3387; x_wconf 89' lang='lat' dir='ltr'>etiam</span> <span class='ocrx_word' id='word_1_170' title='bbox 489 3321 610 3386; x_wconf 85' lang='lat' dir='ltr'>Caesari</span> <span class='ocrx_word' id='word_1_171' title='bbox 627 3321 763 3413; x_wconf 86' lang='lat' dir='ltr'>partim,</span> <span class='ocrx_word' id='word_1_172' title='bbox 785 3335 817 3385; x_wconf 90' lang='lat' dir='ltr'>et</span> <span class='ocrx_word' id='word_1_173' title='bbox 840 3318 1005 3405; x_wconf 82' lang='lat' dir='ltr'>Scaevola,</span> 
     </span>
     <span class='ocr_line' id='line_1_26' title="bbox 68 3438 637 3528; baseline -0.009 -19"><span class='ocrx_word' id='word_1_174' title='bbox 68 3458 110 3509; x_wconf 87' lang='lat' dir='ltr'>nt</span> <span class='ocrx_word' id='word_1_175' title='bbox 133 3441 266 3509; x_wconf 84' lang='lat' dir='ltr'>diximus</span> <span class='ocrx_word' id='word_1_176' title='bbox 275 3490 290 3528; x_wconf 85' lang='lat'>.‚</span> <span class='ocrx_word' id='word_1_177' title='bbox 316 3442 428 3509; x_wconf 82' lang='lat' dir='ltr'>cecinit</span> <span class='ocrx_word' id='word_1_178' title='bbox 450 3438 491 3506; x_wconf 90' lang='lat' dir='ltr'>de</span> <span class='ocrx_word' id='word_1_179' title='bbox 513 3439 637 3506; x_wconf 70' lang='lat' dir='ltr'>Mario:</span> 
     </span>
    </p>
   </div>
   <div class='ocr_carea' id='block_1_3' title="bbox 163 3567 736 3637">
    <p class='ocr_par' dir='ltr' id='par_1_4' title="bbox 163 3567 736 3637">
     <span class='ocr_line' id='line_1_27' title="bbox 163 3567 736 3637; baseline -0.01 -12"><span class='ocrx_word' id='word_1_180' title='bbox 163 3576 298 3625; x_wconf 65' lang='lat' dir='ltr'>Canace!</span> <span class='ocrx_word' id='word_1_181' title='bbox 311 3572 414 3625; x_wconf 78' lang='lat' dir='ltr'>saeclis</span> <span class='ocrx_word' id='word_1_182' title='bbox 430 3567 690 3622; x_wconf 80' lang='lat' dir='ltr'>innumerabilibus·</span> <span class='ocrx_word' id='word_1_183' title='bbox 709 3567 736 3637; x_wconf 84' lang='lat'>5)</span> 
     </span>
    </p>
   </div>
   <div class='ocr_carea' id='block_1_4' title="bbox 77 3732 1036 3940">
    <p class='ocr_par' dir='ltr' id='par_1_5' title="bbox 77 3732 1036 3940">
     <span class='ocr_line' id='line_1_28' title="bbox 98 3732 1036 3846; baseline 0.001 -16"><span class='ocrx_word' id='word_1_184' title='bbox 98 3732 139 3845; x_wconf 62' lang='lat' dir='ltr'>⁴t)</span> <span class='ocrx_word' id='word_1_185' title='bbox 159 3774 194 3829; x_wconf 83' lang='lat' dir='ltr'>L.</span> <span class='ocrx_word' id='word_1_186' title='bbox 208 3776 338 3828; x_wconf 77' lang='lat' dir='ltr'>Aratinus</span> <span class='ocrx_word' id='word_1_187' title='bbox 354 3776 383 3826; x_wconf 88' lang='lat' dir='ltr'>in</span> <span class='ocrx_word' id='word_1_188' title='bbox 403 3777 535 3828; x_wconf 79' lang='lat' dir='ltr'>Cicerone</span> <span class='ocrx_word' id='word_1_189' title='bbox 548 3793 619 3828; x_wconf 79' lang='lat' dir='ltr'>novo</span> <span class='ocrx_word' id='word_1_190' title='bbox 634 3792 658 3827; x_wconf 86' lang='lat' dir='ltr'>c.</span> <span class='ocrx_word' id='word_1_191' title='bbox 670 3774 713 3846; x_wconf 81' lang='lat'>59.</span> <span class='ocrx_word' id='word_1_192' title='bbox 733 3775 777 3828; x_wconf 84' lang='lat' dir='ltr'>Cf.</span> <span class='ocrx_word' id='word_1_193' title='bbox 789 3775 851 3829; x_wconf 85' lang='lat' dir='ltr'>c.5.</span> <span class='ocrx_word' id='word_1_194' title='bbox 894 3778 923 3846; x_wconf 84' lang='lat'>2)</span> <span class='ocrx_word' id='word_1_195' title='bbox 943 3779 1012 3831; x_wconf 75' lang='lat' dir='ltr'>Vita</span> <span class='ocrx_word' id='word_1_196' title='bbox 1034 3805 1036 3812; x_wconf 93' lang='lat'>·</span> 
     </span>
     <span class='ocr_line' id='line_1_29' title="bbox 77 3865 1016 3940; baseline 0 -20"><span class='ocrx_word' id='word_1_197' title='bbox 77 3867 137 3920; x_wconf 69' lang='lat' dir='ltr'>(lie.</span> <span class='ocrx_word' id='word_1_198' title='bbox 155 3884 181 3920; x_wconf 91' lang='lat' dir='ltr'>c.</span> <span class='ocrx_word' id='word_1_199' title='bbox 198 3883 225 3921; x_wconf 68' lang='grc' dir='ltr'>α.</span> <span class='ocrx_word' id='word_1_200' title='bbox 287 3867 315 3936; x_wconf 78' lang='lat'>3)</span> <span class='ocrx_word' id='word_1_201' title='bbox 336 3865 426 3934; x_wconf 82' lang='lat' dir='ltr'>Supra</span> <span class='ocrx_word' id='word_1_202' title='bbox 440 3865 523 3935; x_wconf 60' lang='lat' dir='ltr'>nte.</span> <span class='ocrx_word' id='word_1_203' title='bbox 547 3866 594 3920; x_wconf 74' lang='lat' dir='ltr'>cf.</span> <span class='ocrx_word' id='word_1_204' title='bbox 616 3866 750 3921; x_wconf 80' lang='lat' dir='ltr'>Patricius</span> <span class='ocrx_word' id='word_1_205' title='bbox 768 3867 802 3919; x_wconf 81' lang='lat' dir='ltr'>ad</span> <span class='ocrx_word' id='word_1_206' title='bbox 822 3869 933 3940; x_wconf 72' lang='lat' dir='ltr'>Fragm.</span> <span class='ocrx_word' id='word_1_207' title='bbox 953 3870 1016 3921; x_wconf 61' lang='lat' dir='ltr'>&amp;ica</span> 
     </span>
    </p>
   </div>
   <div class='ocr_carea' id='block_1_5' title="bbox 76 3971 184 4026">
    <p class='ocr_par' dir='ltr' id='par_1_6' title="bbox 76 3971 184 4026">
     <span class='ocr_line' id='line_1_30' title="bbox 76 3971 184 4026; baseline 0.028 -17"><span class='ocrx_word' id='word_1_208' title='bbox 76 3972 106 4023; x_wconf 74' lang='lat' dir='ltr'>p.</span> <span class='ocrx_word' id='word_1_209' title='bbox 124 3971 184 4026; x_wconf 78' lang='lat'>²7²·</span> 
     </span>
    </p>
   </div>
   <div class='ocr_carea' id='block_1_6' title="bbox 0 0 1280 4724">
    <p class='ocr_par' dir='ltr' id='par_1_7' title="bbox 0 0 1280 4724">
     <span class='ocr_line' id='line_1_31' title="bbox 0 0 1280 4724; baseline 0 0"><span class='ocrx_word' id='word_1_210' title='bbox 0 0 1280 4724; x_wconf 95' lang='lat' dir='ltr'> </span> 
     </span>
    </p>
   </div>
  </div>
 </body>
</html>
