2536 4724
517 365 571 437 ,37

68 537 209 634 meritrix
221 565 253 616 et
270 551 474 620 *recentatur
491 550 694 643 scriptoribus
709 565 945 644 opponeretur.
969 553 1000 617 ¹)

71 667 148 758 Quo
170 671 273 737 minus
286 670 475 741 mirandum
497 669 641 751 videtur,
672 685 809 761 tempore
831 669 998 755 Gordiani,

71 789 130 879 qui
155 787 262 857 floruit
281 789 383 858 seculo
406 789 469 856 fere
493 806 565 883 post
590 789 753 872 Tacitum,
775 789 868 881 plane
889 814 1000 856 conse-

69 907 174 974 nuisse
190 907 304 975 liberae
318 907 504 1001 reipublicae
522 907 722 979 literaturam,
746 923 778 972 et
796 931 905 998 operae
922 931 1001 1000 pre-

69 1026 154 1092 tium
172 1049 205 1093 se
224 1026 378 1095 facturum
401 1028 555 1120 putavisse
576 1023 790 1111 Gordianum,
811 1027 838 1091 si
863 1025 1004 1115 exemplo

68 1142 258 1211 Germanici.
270 1144 403 1212 Caesaris
430 1145 465 1210 in
498 1142 707 1213 convertendo
732 1143 829 1211 Arato
855 1143 1002 1232 juvenilis

67 1259 186 1348 ingenii
214 1263 292 1331 vires
313 1286 461 1341 ‚exercere
494 1280 667 1331 conaretur.
733 1262 847 1330 Aratus
881 1280 1000 1348 autem,

68 1378 300 1449 Alexandrinus
329 1397 438 1476 poeta,
471 1406 510 1450 ex
539 1355 663 1451 illorum
686 1405 797 1469 genere
819 1399 904 1466 erat,
944 1382 1003 1476 qui

68 1495 134 1569 hoc
150 1501 280 1568 maxime
298 1524 371 1570 aevo
393 1519 528 1595 propter¹
544 1503 661 1590 ingenii
683 1501 853 1587 luxuriem,
875 1519 907 1570 et
927 1527 1000 1571 ora-

68 1617 162 1685 tionis
192 1621 314 1710 copiam
343 1636 376 1687 et
405 1645 511 1694 rerum
539 1638 737 1690 tractatarum
764 1620 1002 1715 amplitudinem

71 1738 183 1805 ceteris
197 1738 377 1805 antecellere
394 1737 592 1823 uiderentur3
609 1735 845 1810 commendabat
860 1739 955 1824 igitur
971 1759 1003 1803 se

67 1855 295 1948 interpretibus
317 1871 349 1921 et
373 1857 575 1922 imitatoribus
602 1857 681 1939 suis,
711 1856 872 1938 Ciceroni,
892 1857 1001 1942 Virgi-

67 1975 127 2060 lio,
143 1973 277 2059 Ovidio,
297 1976 505 2054 Germanico,
523 1972 705 2058 Gordiano,
723 1989 755 2039 et
763 1975 854 2039 Festo
867 1971 1002 2058 Avieno,

69 2090 160 2184 quod
188 2093 340 2161 haberent
370 2095 405 2161 bi
433 2095 467 2164 in
490 2093 671 2161 fictionibus
689 2091 926 2184 methologicis,
960 2094 1000 2160 ab

67 2211 168 2283 Arato
187 2210 316 2283 vixdum
335 2215 527 2298 memoratis,
550 2212 635 2279 unde
656 2211 854 2302 frequentem
871 2212 1001 2300 fingen-

68 2328 105 2398 di
138 2332 295 2398 materiem
328 2334 588 2400 nanciscerentur.
653 2332 772 2400 Iccirco
805 2330 982 2429 Gordianus
980 2396 1005 2445 ,a

65 2452 210 2543 quamvis
230 2453 394 2522 maturiore
418 2451 546 2519 demum
564 2468 659 2523 aetate
682 2477 754 2518 cum
773 2451 899 2519 Platone
915 2461 1000 2519 semi-

67 2593 147 2664 per,
179 2596 251 2639 cum
278 2570 457 2658 Aristotele,
490 2584 563 2640 cum
586 2571 711 2655 Tullio,
748 2597 821 2638 cum
850 2571 999 2658 Virgilio,

69 2693 242 2784 ceterisque
268 2695 421 2760 veteribus
443 2709 563 2779 ageret,
577 2690 604 2759 2)
629 2691 752 2778 juvenis
777 2705 901 2774 tamen,
934 2670 998 2757 im.-

69 2812 164 2884 butus
182 2787 327 2904 populari
347 2813 515 2905 opinione,
536 2813 571 2877 in
589 2809 997 2877 Arateis'carminibuscon-

68 2928 227 3000 vertendis
253 2957 289 2999 ac
313 2929 488 3024 spernenda
510 2929 653 2996 Tulliana
676 2931 813 2996 oratione
834 2931 998 3019 acquievit.

110 3050 155 3116 Et
172 3049 249 3119 haec
269 3048 399 3141 quidem
417 3051 585 3122 accuratius
606 3047 812 3118 consideranti
834 3066 905 3116 nata
924 3050 1003 3115 mihi

64 3169 204 3262 suspicio
222 3183 283 3254 est,
311 3171 346 3237 in
375 3185 524 3262 oomupto
546 3171 576 3258 J
589 3168 757 3260 Capitolini
784 3167 853 3235 loco
880 3174 999 3260 perpe-

65 3313 135 3355 ram
161 3289 219 3356 sibi
244 3288 428 3380 interpretes
455 3289 512 3354 alia
535 3287 692 3354 Ciceronis
714 3302 854 3378 poemata
877 3303 1001 3379 praeter

47 3405 331 3502 'Arativersiones
364 3409 519 3478 invenire.
532 3408 610 3475 vises
637 3426 710 3472 esse.
726 3400 755 3471 5)
801 3404 900 3491 Magis
926 3431 996 3475 rua-

103 3587 129 3654 1)
152 3582 219 3638 Vid.
246 3585 350 3639 Walcb
376 3586 405 3636 in
433 3586 523 3637 adnot.
554 3583 647 3636 Germ,
670 3583 703 3634 ad
724 3583 813 3637 Taciti
833 3583 1001 3652 Agricolam,

68 3690 249 3746 p0119,120.
267 3684 294 3728 et
312 3694 380 3746 quos
401 3677 466 3728 citat
482 3684 613 3728 auctores.
653 3674 790 3727 Tunstall.
810 3675 886 3726 Obss.
905 3693 940 3725 on
956 3677 1004 3726 tlte

70 3763 295 3848 Epiattbatareen
308 3769 364 3819 Cic.
375 3767 433 3819 aad
441 3770 564 3830 Brutus,
577 3785 604 3833 p.
615 3766 659 3819 61.
670 3767 698 3834 a)
710 3766 737 3819 J.
745 3764 863 3833 Capitol.
877 3764 898 3817 l.
909 3765 929 3817 Ι.
943 3783 966 3817 c.
977 3783 1003 3836 7,

72 3853 100 3924 ³)
119 3850 207 3926 Quam
225 3863 384 3924 corruptae,
414 3862 444 3912 ut
475 3856 541 3906 aliae
572 3856 704 3919 aliorum,
734 3857 770 3907 ita
792 3855 903 3908 maxime
925 3853 1005 3907 Gor·
1052 3875 1054 3880 ·
