2536 4724
483 837 715 905 CAPUT
759 840 784 904 1.

333 1105 367 1155 st.
393 1103 493 1155 rumtt
515 1105 672 1156 comonis
693 1104 938 1172 auctmentum,

168 1223 349 1276 mentuunt
376 1225 415 1276 rr
442 1225 661 1276 rmoscrnmr
688 1215 817 1291 sanun,
845 1223 1098 1292 rnsncnrrcnns,
1162 1184 1166 1193 ³

492 1346 528 1396 nt
547 1344 651 1396 renus
672 1346 773 1395 runo.

214 1603 402 1718 Ciceroni,
425 1655 618 1711 utanaturae
642 1641 796 1710 beneficio
820 1644 952 1729 egregiae
976 1644 1098 1708 inerant

169 1757 288 1842 ingenii
318 1759 476 1849 animique
504 1758 610 1842 dotes,
639 1760 679 1826 ita
712 1763 809 1852 patris
841 1762 944 1828 studio
975 1760 1098 1827 illarum

166 1873 409 1943 excolendartrm
431 1877 488 1944 via⁴
503 1878 619 1968 optima
646 1879 757 1970 patuit.
802 1880 840 1942 ln
864 1900 937 1964 agro
954 1877 1100 1972 Arpinati

165 2018 207 2062 ex
241 1995 451 2086 antiquissima
480 1996 599 2088 stirpe,
637 1995 760 2087 plebeja
792 1996 927 2080 familia,
964 1996 1101 2085 equestri

163 2112 235 2182 loeo
268 2130 377 2196 natus,
410 2111 528 2186 nullam
562 2112 692 2204 quidem
717 2141 732 2181 a
762 2132 850 2207 patre
874 2139 954 2208 puer
983 2113 1096 2183 lamam

165 2233 300 2301 nominis
312 2258 348 2301 ac
359 2231 584 2318 celebritatem,
603 2258 668 2302 non
680 2237 823 2324 imagines
841 2251 873 2301 et
891 2236 1013 2327 tropaea
1026 2261 1095 2301 ma-
1116 2260 1134 2300 η

161 2353 290 2440 jcrum,
314 2351 437 2418 nullum
457 2350 594 2447 denique
615 2355 764 2442 pristinae
788 2353 943 2441 dignitatis
966 2381 1002 2421 ae
1025 2354 1094 2442 glo-

166 2473 230 2540 riae
251 2471 491 2540 monumentum
512 2474 651 2565 accepit:
674 2471 723 2537 bis
746 2472 887 2540 fortunae
911 2474 1096 2539 ornamentis

165 2613 268 2658 carere
286 2587 405 2657 indoles
424 2591 507 2657 bona
524 2607 668 2683 poterat,
701 2592 751 2656 cui
771 2569 1098 2683 majus'insigniusque

166 2707 298 2794 contigit
319 2733 337 2772 a
357 2723 467 2773 natura
486 2708 641 2774 tributum
659 2733 760 2800 opus,
783 2725 818 2775 ut
838 2711 965 2801 propria
984 2711 1096 2776 virtute
1197 2723 1199 2726 ⁴

166 2824 398 2895 commendaret
439 2827 551 2894 avitam
587 2825 724 2894 domum
767 2843 798 2893 et
832 2829 1095 2896 existimationem.

166 2946 277 3030 Pater,
300 2945 351 3012 cui
371 2945 430 3037 ipsi
446 2963 579 3039 propter
599 2948 736 3039 eorporis
756 2944 972 3012 infirmitatem
989 2964 1095 3039 petere

167 3063 201 3130 in
217 3063 377 3157 republica
396 3063 530 3134 honores
552 3089 617 3132 non
636 3065 762 3149 licebat,
786 3091 820 3132 re
836 3067 905 3131 satis
922 3064 1005 3140 lauta
1023 3088 1096 3131 rure

166 3188 362 3270 versabatur,
382 3184 589 3278 jucundeque
609 3203 739 3253 aetatem
763 3188 844 3253 inter
865 3188 978 3252 rustica
1000 3210 1093 3278 opera

165 3321 196 3372 et
230 3303 388 3373 literarum
425 3303 549 3390 studia,
589 3307 704 3398 quibus
738 3303 826 3371 valde
860 3303 1093 3388 delectabatur,

163 3425 350 3518 penitusque
368 3426 506 3491 imbutus
524 3440 605 3509 erat,
626 3424 821 3510 transigebat.
854 3424 956 3493 Mater
972 3421 1094 3506 Helvia,

165 3541 248 3610 haud
270 3541 399 3631 ignobili
420 3542 489 3610 loco
509 3561 580 3609 nata
604 3541 735 3625 mulier,
759 3543 792 3607 in
818 3539 954 3608 curanda
976 3567 1011 3613 re
1031 3540 1096 3610 do«

165 3665 290 3732 mestica
306 3680 337 3730 et
355 3661 533 3730 erudiendis
550 3661 640 3746 filiis,
663 3663 772 3728 Marco
795 3678 827 3727 et
848 3662 990 3751 Quinto,
1002 3686 1092 3728 sum-

167 3805 253 3849 mum
279 3771 419 3852 studium
446 3783 602 3874 ponebat,
633 3806 739 3875 neque
763 3780 918 3850 educandi
938 3806 1044 3849 curam
1063 3799 1094 3850 et

166 3900 368 3979 assiduitatem
400 3925 542 3992 unquam
574 3901 621 3970 vel
652 3902 864 3992 intermittis
894 3925 925 3968 se
956 3899 1005 3968 vel
1031 3899 1093 3967 ullo
1178 3929 1180 3933 ·
