2536 4724
617 365 658 431 28

232 539 350 612 Lucifer
368 538 440 591 duos
458 537 575 611 genuit,
599 534 688 589 claris
706 533 835 604 Mopsus
856 530 892 585 ab
912 533 1022 601 mis,

232 637 371 691 Praevius
390 636 539 699 Aurorae,
569 632 645 687 solis
664 633 809 703 noctisque
826 629 951 684 satelles.

167 794 318 865 Genuioe
343 794 427 860 enim
456 789 582 859 Lucifer
607 786 862 880 Ceyoemdertur
889 809 928 855 ex
950 784 1099 857 Philoni·

165 913 226 1000 de,
254 912 294 980 ad
304 938 416 1005 quam,
435 926 545 1003 utpote
556 907 732 992 mortalem,
750 929 813 972 sese
826 904 951 974 coelitus
962 903 1100 975 demes*

167 1049 225 1101 rst.
269 1029 368 1122 Quod
380 1045 481 1097 autem
488 1032 646 1120 praevius
657 1026 828 1111 Asturae,
848 1028 927 1094 sotis
936 1029 1102 1117 essetisque

163 1154 298 1220 satelles
312 1151 369 1218 hlc
383 1166 526 1232 vocatur,
547 1163 658 1241 sponte
673 1143 864 1232 intelligitur.
907 1142 999 1213 Idem
1015 1146 1101 1213 enim

166 1268 272 1354 sidus,
290 1292 380 1338 mane
395 1260 503 1338 Solem
513 1284 546 1334 et
561 1266 715 1334 Auroram
732 1262 934 1357 praecedens,
954 1264 1098 1350 Lucifer,

166 1389 286 1481 vesperi
296 1386 399 1454 Solem
409 1388 602 1477 subsequens
612 1430 627 1469 ,·
645 1387 819 1477 Hesperus,
837 1385 1100 1456 etiamcommun'i

138 1538 140 1542 ⁴
165 1507 293 1574 nomine
314 1505 443 1574 Veneris
467 1503 733 1598 stellaappellntus
747 1503 786 1572 ¹).
808 1503 956 1597 Respexit
970 1503 1099 1590 fortusse

166 1624 256 1692 hunc
272 1623 430 1693 Ciceronis
446 1623 551 1692 locum
567 1621 701 1692 Ovidius
711 1623 761 1709 ²),
782 1624 838 1692 ubi
846 1623 985 1693 similiter
993 1626 1093 1697 nuit:

234 1834 372 1902 Jamque,
380 1832 526 1904 fugaturo
549 1830 668 1883 Tithoni
687 1831 804 1901 conjuge
816 1840 942 1896 noctem,

266 1933 405 1984 Praevius
424 1931 557 1982 Aurorae
576 1931 693 2004 Lucifer
715 1940 794 1983 ortus
811 1939 886 1984 erat·

212 2088 310 2155 Hasce
328 2109 401 2154 vero
420 2085 671 2170 commistiones,¹
694 2103 780 2180 eptas
801 2087 965 2179 inprimis
986 2102 1019 2157 et
1040 2109 1094 2155 acb

168 2202 373 2276 commodatos
396 2225 471 2270 oum
492 2201 532 2269 nd
553 2201 733 2271 emendum
758 2202 919 2293 ingenium
947 2207 1098 2295 subigen-

168 2325 325 2418 dnmqne,
343 2339 412 2391 tum
428 2344 501 2391 vero
516 2319 664 2390 etiamad
679 2322 915 2417 perpoliendsm
929 2323 1097 2394 dictionem

168 2445 343 2539 poeticam,
372 2441 509 2530 graviora
548 2441 720 2512 identidem
754 2441 857 2510 studia
890 2446 1095 2539 excipiebant

171 2565 224 2634 Ab
243 2561 404 2631 Homerios
424 2562 508 2626 enim
531 2563 616 2653 poesi
638 2562 802 2655 nativaque
821 2565 888 2653 ejus
904 2563 1097 2657 simplicitate

169 2682 210 2749 sd
242 2681 459 2749 sublimitatem
492 2681 638 2766 tragicam
673 2698 785 2772 sponte
820 2706 875 2748 sun
904 2680 1097 2750 esoendehst.

171 2803 211 2868 ln
241 2825 307 2893 quo
334 2822 445 2886 genere
480 2798 661 2866 excellentes
696 2817 854 2886 suctores,
885 2801 1075 2895 Aeschylum
1084 2851 1098 2888 ,-

170 2918 360 3014 Sophoclem
381 2934 413 2983 et
436 2917 621 3011 Euripidem
642 2919 760 2988 assidua
781 2922 913 2996 lectione
937 2925 1099 3008 mactent,-

132 3074 135 3079 ·
171 3062 308 3131 eumque
333 3036 373 3104 nd
400 3060 467 3105 esm
491 3062 558 3106 rem
581 3064 647 3106 non
665 3043 839 3134 praeceptis
861 3044 933 3110 artis
955 3044 1096 3114 instrue·

173 3176 240 3246 tus,
262 3155 318 3225 sed
333 3159 532 3250 incorruptae
550 3175 676 3226 naturae
694 3159 847 3253 praesidio
863 3185 899 3231 ac
912 3184 1004 3230 sensu
1022 3160 1098 3258 pul-

128 3314 131 3320 ·
171 3282 218 3348 cii
238 3280 387 3348 acerrimo
403 3276 589 3364 secederet,
625 3277 809 3349 dramatieae
831 3305 957 3374 poeseos
978 3282 1044 3353 vim
1069 3296 1100 3350 et

171 3399 343 3466 ubertatem
364 3397 542 3464 brevissimo
562 3414 702 3491 tempore
720 3403 949 3493 assequebatm.
991 3403 1100 3495 ltaque

170 3533 292 3584 secutus
300 3517 674 3609 pristinorumpoetarum
684 3521 894 3587 Romanorum
902 3520 1099 3616 exemplum,

168 3637 210 3737 nh
235 3634 387 3726 Aeschylo
402 3635 562 3704 scribendi
580 3640 738 3707 materiem
757 3640 884 3726 sunsit,
902 3639 1100 3735 subtilemque

141 3887 172 3893 ..
210 3849 238 3919 t)
258 3844 396 3917 Hyginus,
413 3847 704 3919 Rvet-Aedroneldl·
724 3847 802 3903 eds.
898 3849 928 3920 α)
946 3851 1105 3916 Heroides,

177 3936 230 4009 Ep.
240 3935 284 3995 ιδ.
302 3953 343 3991 vs.
355 3930 415 3995 its·
431 3934 469 3988 cf.
480 3933 543 4008 8ss
