2536 4724
497 416 555 484 125

64 600 98 655 et
123 611 219 682 qucum
243 593 419 656 sanitatem
432 590 608 677 perderet,
632 614 682 664 ae,
695 592 786 679 loqui
795 615 906 681 paene
928 592 989 658 de·

64 708 214 776 disceret.
246 739 255 769 ·..
735 715 740 755 :¹
777 724 785 735 ·

64 882 70 892 .
106 829 173 894 Hac
193 827 289 914 igitur
311 829 368 893 etsi
392 843 459 894 tum
489 824 693 896 delectaretur
722 824 846 915 dicendi
874 829 991 894 ratione
1050 919 1053 922 .

62 945 229 1028 effrenata,
252 943 569 1037 consuetudinemque
590 949 656 1034 ejus
680 970 865 1040 magnopere
889 946 992 1014 ‘effec-

61 1064 347 1152 tnret,3utilitatem
366 1081 467 1130 tamen
489 1064 579 1130 simul
608 1090 810 1158 permagnam
834 1065 934 1132 hausit
952 1088 994 1134 ex

60 1181 275 1269 cognoscenda
295 1180 563 1277 comparandaque
583 1183 706 1251 illorum
726 1186 993 1276 principumvora-
1062 1184 1065 1189 ’

48 1310 258 1386 torum'arte.
280 1303 341 1370 Vix
363 1304 446 1369 enim
466 1303 627 1394 probabile
640 1320 705 1388 est,
728 1304 861 1396 reliquos
882 1304 993 1406 eidem

61 1419 225 1488 artificiosi
248 1435 279 1486 et
305 1422 407 1488 conati
443 1424 579 1489 oratione
608 1447 677 1490 usos
709 1448 782 1490 esse.
836 1423 934 1514 Quod
966 1425 996 1493 si

61 1539 263 1631 velfimaxime
280 1541 323 1605 ita
343 1539 453 1622 suerit,
487 1542 644 1632 Menippo
663 1556 765 1607 tamen
791 1542 882 1627 Cari,
914 1536 994 1628 cogit
1018 1581 1021 1587 -

1063 1486 1116 1515 -k

61 1660 190 1725 neruine
201 1659 353 1741 Catooas,
377 1656 554 1725 dissimilem
569 1659 718 1750 placuisse
737 1684 856 1726 morem
874 1680 993 1746 cogno-
1107 1660 1108 1663 '

61 1778 255 1862 rimus,.cui
275 1776 355 1843 nihil
377 1777 585 1865 molestiarum
608 1778 858 1868 ineptiarumque
875 1776 992 1844 adhue-2

61 1898 154 1989 rebat¹
181 1913 213 1965 et
246 1912 412 1989 propterea
444 1896 572 1963 similior
610 1894 724 1963 Atticis
762 1888 937 1963 videbatur
953 1894 993 1962 ¹)ss

61 2017 295 2101 Veruntamen,
328 2014 488 2107 quidquid
515 2014 694 2098 detrimenti
721 2013 847 2081 dicendi
870 2009 995 2083 facilen

48 2134 135 2205 ¹huc:
144 2134 369 2215 consuetudine
386 2137 494 2227 cepit,
505 2133 686 2222 corrigendi
695 2159 727 2200 se
742 2133 994 2226 emendandique

62 2255 328 2346 opportunitatem
347 2257 485 2345 proxima
507 2255 534 2320 ei
555 2255 660 2337 statio,
690 2278 769 2343 quae
789 2253 899 2322 Rhodi
910 2253 992 2336 suit,

60 2374 218 2461 insignem
238 2373 350 2441 attulit.
386 2424 390 2433 t
576 2377 579 2381 ’

74 2497 77 2501 ’
105 2494 179 2560 Huc
201 2495 287 2561 enim
316 2517 361 2559 ex--
380 2518 445 2584 quo
466 2510 624 2585 tempore,
647 2492 862 2561 Demosthenis
878 2505 992 2576 acutat
1045 2503 1048 2509 '

60 2611 232 2698 Aeschines
254 2611 340 2680 exsul
368 2636 400 2678 se
431 2611 601 2679 contulerat
629 2613 678 2697 2),
712 2611 861 2678 invehens
887 2609 992 2676 studia

14 2739 17 2743 ’
59 2729 279 2814 Athenarum,
300 2731 473 2821 eloquentia
502 2755 576 2823 prae
600 2733 706 2797 ceteris
723 2732 840 2796 artibus
863 2732 994 2797 effloruit
1052 2747 1056 2755 ’

59 2847 189 2917 Rhodi:
211 2873 315 2940 neque
337 2866 440 2916 tamen
459 2853 548 2940 pari,
572 2877 634 2941 qua
653 2850 809 2934 Athenis,
832 2849 992 2937 dignitato,
1012 2837 1022 2850 ἐκ
1085 2938 1088 2945 Ι

60 2969 107 3036 Ut
125 2969 210 3034 enim
228 2985 289 3034 sata
314 2968 481 3060 quaedam,
507 2969 604 3037 alieno
630 2969 694 3036 solo
723 2968 870 3057 coeloque
893 2991 988 3036 ‘eom-

60 3089 172 3172 missa,
210 3087 298 3156 facile
320 3086 530 3176 degenerant,
565 3090 608 3154 ita
629 3113 771 3182 saporem
793 3087 881 3153 illum
901 3088 990 3154 Atti-

61 3230 136 3274 tum
165 3183 292 3274 erenei
326 3209 434 3298 capa,
456 3205 606 3273 ahmam
631 3205 749 3292 eata,
776 3229 840 3272 aon
862 3205 993 3271 manat

60 3322 191 3415 quidem
219 3351 291 3392 cum
318 3327 501 3417 peregrino,
545 3324 600 3390 sed
631 3327 777 3408 miscuit,
810 3341 847 3390 nt
873 3321 991 3413 aliquid

60 3446 229 3512 assumsisse
254 3443 411 3535 videretur
434 3446 553 3533 gentis,
576 3442 694 3533 aliquid
719 3445 860 3510 auctoris.
893 3445 991 3508 Fuere

61 3561 145 3628 enim
170 3577 302 3628 oratores
323 3559 440 3628 Rhodii
470 3584 573 3650 neque
606 3559 712 3628 Attice
740 3561 861 3650 pressi,
887 3583 990 3650 neque

63 3673 175 3742 Asiane
210 3677 421 3763 abundantes,
466 3680 596 3744 saniores
636 3702 709 3744 vero
743 3693 773 3744 et
811 3677 990 3745 Atticorum

65 3823 390 3845 *nn-ut·-

98 3921 124 3992 ι)
146 3920 330 3998 Brutoe.91.
416 3929 444 3998 a)
465 3928 525 3979 Vnt.
544 3927 617 3981 Max.
636 3929 655 3979 l.
674 3926 861 3984 Vlll.e,1o.
880 3929 943 3982 Est.
963 3947 987 3982 s.
